2250 3900
658 101 718 165 L
804 102 836 163 1
898 70 1114 162 -ΒἘ
1202 102 1262 162 n
1388 102 1537 163 vn.
1665 113 1674 122 ·
1928 120 2043 182 ιη

128 276 334 340 retur,
386 262 512 323 ac-ie
541 262 834 334 instructa,
884 266 1310 347 depugnarent.
1402 264 1521 325 Ubi
1551 263 1849 325 neminem
1878 264 1938 323 in
1966 284 2043 323 ae·

129 365 346 419 quum
379 348 575 405 locum
605 348 716 413 sese
745 348 1068 415 demittere,
1121 348 1223 406 sed
1276 361 1405 407 toto
1436 347 1699 420 undique
1728 364 1901 403 muro
1930 348 2073 406 cir-x

131 427 468 485 cumfundi
501 429 797 495 viderunt,
846 430 1034 502 veriti,
1084 448 1158 489 ne
1188 430 1433 489 omnino
1470 428 1594 503 spes
1623 425 1779 507 fugae
1811 428 2043 487 tollere·

129 523 330 583 retur,
364 511 594 589 abjec‘tis
625 511 824 579 annia,
858 510 1091 569 ultimas
1122 510 1324 585 oppidi
1360 523 1551 584 partes
1582 508 1904 585 continenti
1932 508 2041 567 im·

129 604 289 663 pem
323 593 690 663 petiverunt:
744 592 990 667 parsque
1019 591 1116 667 ibi,
1150 610 1340 665 quum
1364 588 1617 671 angusto
1647 590 1806 649 exitu
1838 602 2043 662 porta·

127 689 283 730 rum
316 672 371 729 se
401 671 503 746 ipfi
535 686 887 747 premerent,
919 693 952 730 a
983 673 1297 739 militibus;
1342 692 1473 747 pars
1492 675 1621 751 jam
1655 666 2037 750 egreffa·por-

131 752 217 809 tis
278 753 360 808 ab
385 753 681 825 equitibus
710 753 786 811 est
822 752 1140 812 intersedia.
1225 753 1346 811 Nec
1392 753 1506 811 fuit
1554 752 1881 827 quisquam,
1934 750 2040 825 qui

126 833 360 907 praedae
396 832 664 892 studeret.
747 834 862 909 Sic,
897 848 952 892 et
976 834 1305 905 Genabenli
1336 835 1511 909 caede,
1540 847 1598 891 et
1628 833 1819 891 labore
1850 832 2042 905 operis

125 914 402 979 incitati,
435 934 552 972 non
581 928 745 973 aetate
775 914 1069 983 confeciis,
1099 934 1221 973 non
1253 915 1610 979 mulieribus,
1649 932 1769 971 non
1798 912 2044 969 infanti-

120 994 250 1051 bus
285 1001 694 1067 pepercerunt.
781 996 1056 1071 Denique
1085 1016 1153 1053 ex
1185 995 1347 1054 omni
1378 1016 1447 1053 eo
1475 1012 1743 1068 numero,
1778 994 1881 1068 qui
1926 992 2047 1051 fuir.

123 1076 384 1132 circiter
413 1096 486 1132 xi.
518 1078 792 1144 millium,
843 1078 939 1135 vix
971 1088 1148 1149 nece,
1198 1078 1301 1152 qui
1332 1078 1517 1153 primo
1548 1078 1803 1133 clamore
1836 1074 2043 1133 audito

97 1155 186 1214 'se
245 1174 322 1213 ex
376 1156 594 1231 oppido
643 1162 955 1241 ejecerant,
1007 1157 1331 1215 incolumes
1380 1158 1455 1235 ad
1491 1155 2045 1235 Vercingetorigem

127 1250 572 1311 pervenerunt.
653 1240 830 1317 Quos
859 1238 972 1307 ille,
1002 1238 1192 1297 multa
1212 1240 1341 1316 jam
1369 1241 1554 1306 nocie,
1610 1237 1831 1296 silentio
1862 1237 1933 1294 sic
1965 1256 2041 1297 ex
2066 1296 2077 1309 ,

127 1316 302 1398 fuga
333 1318 585 1394 excepit,
619 1320 895 1399 (vei-itm,
923 1340 994 1381 ne
1015 1320 1214 1395 quain
1244 1318 1437 1378 castris
1467 1340 1533 1377 ex
1563 1336 1769 1385 eorum
1797 1336 2045 1377 concur-

126 1399 198 1458 su
239 1410 304 1457 et
333 1400 727 1458 misericordia
757 1402 920 1481 vulgi
949 1401 1153 1461 seditio
1184 1400 1491 1477 oriretur),
1521 1414 1590 1459 ut
1619 1400 1820 1474 procul
1854 1400 1913 1456 in
1943 1398 2044 1457 via.

131 1478 436 1555 dispositis
466 1480 851 1540 familiaribus
879 1482 1012 1557 suis,
1062 1481 1531 1559 principibusque
1564 1480 1895 1552 civitatum,
1924 1477 2041 1537 dis·

127 1560 450 1637 parandos
481 1562 966 1639 deducendosque
994 1566 1071 1620 ad
1101 1562 1230 1621 suos
1260 1576 1534 1633 curare-tg
1568 1580 1695 1637 quae
1722 1561 2045 1637 cuiqueci-

123 1642 319 1699 vitati
353 1662 485 1715 pars
515 1643 834 1701 castrorum
865 1646 940 1701 ab
971 1643 1139 1701 initio
1166 1640 1503 1701 obvenerat.

173 1756 178 1761 -
228 1722 478 1782 XXIX.
515 1717 756 1783 'Postero
787 1726 879 1782 die
910 1724 1157 1783 concilio
1184 1739 1531 1792 convocato,
1574 1722 1904 1783 consolatus
1934 1725 2044 1783 coi

125 1803 532 1878 hortatusque
563 1805 660 1873 est,
692 1826 764 1865 ne
793 1807 848 1864 se
877 1806 1205 1863 admodum
1236 1806 1429 1864 animo
1458 1806 1852 1879 demitterent,
1886 1825 2040 1875 neve

125 1885 636 1960 perturbarentur
663 1887 1044 1945 incommodo
1067 1909 1084 1944 ε
1138 1906 1261 1945 non
1289 1887 1525 1956 virtute,
1577 1905 1769 1961 neque
1797 1887 1919 1945 acie
1949 1888 2043 1945 vi-

121 1963 278 2031 ciffe
312 1967 648 2028 Romanosz
691 1967 788 2028 sed
818 1969 1067 2028 artificio
1093 1971 1355 2043 quodam
1386 1977 1443 2028 'et
1470 1969 1707 2028 scientia
1734 1988 2043 2049 oppugna-
2122 1984 2145 2000 ⁶

124 2049 358 2119 >timii-⁵3
395 2051 558 2128 cujus
589 2050 677 2110 rei
701 2049 920 2108 fuerint
947 2051 1048 2126 ipsi
1079 2051 1365 2126 imperiti:
1400 2070 1611 2125 errare,
1644 2049 1681 2108 fi
1704 2053 1806 2124 qui
1836 2053 1896 2108 in
1920 2052 2043 2110 bel-

121 2133 196 2192 io
251 2150 458 2189 omnes
505 2132 786 2190 secundos
838 2151 1034 2190 rerum
1065 2145 1307 2206 eventus
1356 2130 1673 2206 exspectent
1692 2152 1713 2184 a
1759 2122 1856 2189 sibi
1886 2150 2037 2190 nun-

125 2225 333 2289 quam
364 2213 626 2288 placuiss‘e
658 2213 990 2274 Avaricum
1020 2211 1279 2282 defendi,
1332 2216 1496 2295 cujus
1538 2211 1621 2271 rei
1672 2209 1837 2279 testes
1884 2211 2037 2287 ipsos

133 2295 398 2352 haberet
414 2315 431 2362 ς
463 2295 556 2352 sed
585 2293 803 2354 facium
829 2295 1224 2373 imprudentia
1250 2293 1613 2375 Biturigum,
1643 2307 1702 2351 et
1728 2291 1914 2355 nimia.
1931 2295 2037 2364 ob-

128 2375 450 2448 sequentia
479 2375 841 2452 reliquerum
892 2377 975 2437 uti
1005 2377 1118 2434 hoc
1148 2375 1595 2435 incommodum
1636 2373 2035 2450 accipereture

125 2455 202 2514 id
259 2471 464 2514 tamen
507 2457 564 2515 se
613 2456 876 2516 celeriter
924 2457 1243 2535 majoribus
1290 2457 1619 2517 commodis
1664 2455 2036 2516 sanaturum.

133 2533 334 2606 Nam,
365 2555 492 2609 quae
521 2539 596 2596 ab
627 2539 860 2613 reliquis
885 2529 1072 2598 Gallie
1101 2541 1365 2597 civitates
1395 2536 1771 2612 dissentirent,
1796 2538 1902 2596 has
1923 2537 2037 2598 sua.
2092 2587 2098 2597 ,

129 2619 458 2696 diligentia
477 2620 924 2696 adjunfiurum3
958 2634 1135 2695 atque
1158 2638 1341 2680 unum
1364 2619 1666 2678 confilium
1690 2619 1867 2678 totius
1889 2618 2038 2678 Gal-

129 2700 230 2756 liae
261 2698 638 2771 effec'lurum3
684 2703 848 2778 cujus
877 2701 1149 2762 consensu
1180 2721 1252 2761 ne
1280 2701 1434 2759 orbis
1465 2700 1705 2776 quidem
1732 2713 2038 2762 terrarum

122 2778 306 2856 poffit
338 2781 635 2840 obfisterez
667 2783 846 2858 idque
873 2784 928 2840 se
957 2803 1137 2859 prope
1162 2783 1281 2856 jam
1308 2781 1578 2840 effectum
1604 2782 1839 2841 habere.
1928 2783 2037 2843 In.-

128 2874 304 2920 terea
333 2879 568 2935 aequum
599 2862 722 2931 effe.
767 2867 840 2921 ab
871 2865 936 2921 iis
965 2865 1297 2922 communis
1326 2863 1522 2922 salutis
1550 2861 1723 2922 causa
1748 2863 2031 2938 impetra.-

133 2942 214 3010 ri,
255 2957 330 3000 ut
355 2941 540 3002 castra
569 2945 794 3002 munire
823 2945 1206 3013 instituerent,
1248 2964 1371 3020 quo
1398 2943 1625 3004 facilius
1652 2943 1907 3007 hostium
1934 2965 2033 3006 re-

135 3023 420 3098 pentinos
451 3024 707 3100 impetus
734 3025 1004 3086 sustinere
1033 3026 1275 3102 possent.

223 3104 432 3162 XXX.
481 3104 616 3163 Fuit
667 3107 787 3164 haec
837 3109 1026 3167 oratio
1073 3123 1193 3166 non
1230 3108 1477 3188 ingrata·
1490 3105 1702 3186 Gallis,
1748 3109 2053 3184 maxime..

135 3185 308 3258 quod
339 3185 462 3260 ipse
475 3187 675 3245 animo
690 3207 824 3251 non
839 3189 1151 3259 defecerat,
1176 3201 1601 3265 tanto·accepto
1630 3190 2029 3266 incommodo,

137 3285 342 3340 neque
368 3267 426 3324 se
453 3268 514 3325 in
542 3270 842 3328 occultum
871 3271 1199 3344 abdiderat,
1250 3289 1438 3346 neque
1476 3271 1842 3346 conspectum
1872 3273 2033 3332 mul·

126 3346 419 3404 titudinis
449 3346 718 3428 fugerat:
768 3349 1014 3425 plusque
1039 3350 1239 3410 ani-mo
1282 3352 1588 3425 providere
1618 3367 1677 3410 et
1708 3350 2035 3426 praesentire

147 3427 607 3504 existimabatur,
635 3433 798 3504 quod
829 3449 888 3488 re
917 3433 1147 3513 integra
1177 3433 1369 3506 pruno
1398 3431 2035 3497 incendendumAw..

142 3509 386 3582 ticum,-
399 3509 524 3586 post
547 3510 928 3582 deserendum
949 3513 1269 3586 censuerat.
1337 3512 1551 3589 Itaque
1579 3525 1645 3571 ut
1668 3511 2039 3585 reliquorum

331 3619 334 3622 ⁴
709 3625 714 3628 ·
987 3593 1050 3656 vL
1079 3613 1115 3656 2
1612 3593 2035 3670 imperatorum
