2250 3900
613 99 1422 169 LIBERII.
1847 100 1965 181 ης·

84 265 207 325 nari
264 265 410 342 poffe
459 266 852 336 confidimusg
901 280 1005 326 aut
1043 284 1195 345 *vero
1222 264 1365 343 quid
1398 261 1757 341 proficimus,
1799 260 1841 321 fi
1869 282 1968 325 ae.

86 360 258 422 cepto
289 364 514 429 magno
536 349 894 407 detrimento
922 352 995 407 ab
1023 349 1469 429 oppugnatione
1498 346 1821 405 castrorum
1852 340 1969 404 dis·

80 428 343 489 cedimus
369 430 392 487 ἓ
447 429 630 501 Quasi
680 448 802 488 non
835 444 892 491 et
916 428 1167 491 felicitas
1198 446 1394 488 rerum
1426 426 1721 508 gestarum
1753 424 1969 486 exerci-

79 521 168 567 tus
193 498 664 571 benevolentiam
685 510 1157 587 imperatoribu5‚
1186 524 1240 570 et
1264 532 1353 569 res
1384 508 1633 568 adversae
1662 506 1799 565 odia
1829 524 1967 565 con.

85 589 303 651 cilieut.
348 592 687 651 Castrorum
711 606 912 652 autern
941 593 1201 652 mutatio
1226 592 1367 667 quid
1398 592 1575 649 habet
1602 588 1707 647 nis1
1736 592 1968 664 turpem

80 669 294 751 fugam
325 686 384 731 et
412 672 882 748 desperationem
897 674 1193 749 omnium,
1224 687 1281 731 et
1311 671 1725 731 alienationem
1756 668 1968 727 exerci-

84 753 215 810 tus?
279 752 438 813 Nam
469 772 656 831 neque
681 756 1000 830 prudentes
1028 753 1299 831 suspicari
1328 768 1580 829 oportet,
1626 750 1726 809 fibi
1758 766 1975 825 parum-

82 834 242 892 credi
268 856 286 903 ς
333 854 525 911 neque
573 835 872 911 improbos
919 837 1082 905 scire,
1123 836 1237 894 sese
1287 836 1478 895 timeri
1506 857 1521 893 ε
1569 833 1731 908 quod
1762 831 1870 889 illis
1902 831 1971 888 li-

81 914 343 973 centiam
376 902 818 998 timor⁸augeat,
861 918 1066 977 nostris
1111 916 1297 975 studia
1328 916 1642 975 diminuat.
1710 912 1896 996 Qod
1928 910 1973 973 fi
2023 965 2031 975 .

71 1000 220 1076 jam,
269 996 485 1071 inquit,
527 996 647 1056 haec
698 999 1001 1075 explorata
1043 998 1353 1069 habemus,
1396 1016 1524 1073 quae
1574 996 1645 1055 de
1686 994 1971 1053 exercitus

79 1076 436 1137 alienatione
465 1078 743 1141 dicuntur
769 1100 786 1138 ε
833 1098 960 1156 quae
990 1081 1231 1157 quidem
1264 1098 1377 1161 ego
1408 1091 1510 1138 aut
1539 1076 1775 1137 omnino
1802 1074 1971 1147 falsa,

80 1172 182 1218 aut
213 1172 380 1219 certe
408 1160 948 1239 minoraopinione
975 1158 1077 1220 effe
1107 1160 1342 1221 confido
1368 1182 1384 1219 ε
1421 1174 1655 1236 ,quanto
1704 1158 1826 1217 haec
1858 1156 1969 1215 dis·

79 1240 358 1299 simulare
385 1254 446 1299 et
476 1238 792 1311 occultare,
830 1262 1018 1318 quam
1048 1262 1152 1319 per
1180 1261 1287 1301 nos
1315 1238 1675 1309 confirmari,
1710 1236 1976 1315 praestat?

79 1321 187 1379 An
217 1342 344 1381 non
375 1321 460 1381 uti
509 1324 772 1399 corporis
812 1326 1081 1401 vulnera,
1122 1326 1207 1382 ita
1258 1324 1542 1383 exercitus
1592 1320 1975 1381 incommoda

79 1404 214 1463 sunt
247 1405 527 1485 tegenda,
571 1424 643 1463 ne
675 1405 834 1481 spem
863 1406 1204 1465 adversariis
1235 1403 1604 1487 augeamus?
1655 1404 1742 1461 At
1772 1402 1975 1475 etiam,

82 1498 148 1543 ut
180 1484 384 1545 media
414 1488 579 1543 noste
609 1485 1062 1563 proficiscamur,
1084 1486 1346 1545 adduntz
1380 1504 1499 1561 quo
1531 1486 1831 1567 majorem,
1858 1494 1981 1539 cre·

81 1566 180 1635 do,
227 1566 536 1627 licentiam
577 1567 853 1643 habeant,
903 1568 1007 1641 qui
1039 1586 1281 1643 peccare
1308 1579 1615 1625 conentur.
1700 1563 1980 1639 Namque

78 1646 426 1725 hujusmodi
453 1667 544 1707 res
573 1662 677 1709 aut
703 1644 950 1724 pudore,
979 1662 1082 1707 aut
1107 1662 1297 1718 metu,
1325 1660 1619 1715 tenentur,
1649 1644 1861 1722 quibus
1891 1662 1981 1705 re·

80 1728 188 1787 bus
221 1748 348 1787 nox
370 1729 632 1798 maxime
651 1728 989 1791 adversaria
1019 1728 1116 1790 est.
1199 1729 1405 1810 Qare
1444 1746 1638 1803 neque
1674 1725 1824 1787 tanti
1850 1724 1981 1789 sum

78 1808 295 1886 animi,
339 1824 406 1869 ut
455 1808 571 1871 fine
616 1810 713 1888 spe
753 1808 938 1871 castra
986 1811 1393 1893 oppugnanda
1438 1810 1745 1877 censeam3
1789 1820 1983 1881 neque

77 1890 236 1952 tanti
271 1886 522 1962 timo-Fue,
566 1906 630 1952 ut
662 1892 776 1971 ipse
805 1890 1077 1954 deficiam
1104 1914 1120 1952 z
1169 1906 1345 1972 atque
1376 1891 1577 1953 omnia
1618 1890 1779 1967 prius
1808 1906 1980 1966 expe·

76 1971 294 2034 rienda
343 1975 617 2046 arbitror,
655 1993 997 2054 *magnaque
1048 1991 1116 2034 ex
1162 1991 1329 2052 parte
1364 1975 1497 2054 jam
1523 1992 1617 2034 me
1645 1990 1767 2034 una
1793 1969 1981 2034 vobis-

78 2072 227 2114 cum
263 2055 339 2114 de
367 2074 428 2113 te
450 2055 745 2136 judicium
774 2057 1067 2114 faciurum
1095 2055 1356 2115 confido·
1516 2117 1526 2122 ,

163 2135 455 2194 xxxu.
487 2134 737 2196 Dimiffo
757 2135 1025 2212 concilio,
1047 2136 1391 2197 concionem
1414 2133 1665 2197 advocat
1690 2131 1981 2196 militamt

77 2229 713 2297 commemorat„quo
763 2216 833 2276 fit
877 2236 1083 2277 eorum
1132 2217 1266 2276 usus
1298 2217 1485 2275 studio
1526 2218 1603 2276 ad
1651 2213 1983 2278 Corfinium

77 2297 286 2366 Caesar
311 2319 332 2368 ς
372 2309 441 2358 ut
461 2315 750 2380 magnam
793 2311 1021 2375 partem
1057 2298 1237 2360 Italiae
1267 2297 1547 2358 beneficio
1576 2310 1757 2374 atque
1784 2298 1982 2356 aucto·-

79 2383 270 2440 1itate
301 2395 506 2438 eorum
535 2379 699 2439 suam
727 2378 952 2440 fecerit.
1001 2379 1122 2438 Vos
1156 2381 1311 2440 enim
1340 2378 1712 2456 vestrumque
1739 2375 1983 2448 factum,

81 2459 312 2538 inquit,
355 2459 556 2518 omnia
579 2459 856 2536 deinceps
885 2461 1203 2540 municipia
1230 2461 1359 2520 sunt
1386 2459 1603 2530 secuta,
1642 2478 1833 2535 neque
1865 2457 1985 2524 fine

77 2543 267 2603 causa
298 2553 360 2600 et
387 2539 572 2601 Caesar
601 2540 934 2602 amiciffime
964 2543 1035 2602 de
1066 2542 1251 2612 vobis,
1290 2555 1347 2600 et
1378 2541 1457 2599 illi
1488 2539 1810 2623 graviffime
1829 2539 1987 2618 judi-

79 2617 408 2683 caverunt.
451 2621 774 2699 ‘Pompeius
806 2623 956 2682 enim
987 2623 1147 2684 nullo
1177 2624 1378 2700 proelio
1407 2621 1621 2699 pulsuS,
1650 2621 1819 2680 vestri
1847 2619 1985 2678 faeli

83 2697 439 2782 praejudieio
469 2703 739 2763 demotus
776 2703 946 2762 Isana
977 2704 1199 2764 exceffit
1224 2727 1241 2762 ε
1300 2703 1485 2764 Caesar
1516 2723 1631 2772 me,
1674 2719 1853 2776 quem
1885 2698 1987 2760 fibi

80 2784 454 2845 cariffimum
478 2783 704 2852 habuit,
725 2785 1201 2862 provinciamque
1217 2785 1478 2844 Siciliam
1497 2798 1671 2860 atque
1696 2781 1985 2856 Africam,

76 2867 208 2928 fine
242 2865 459 2942 quibus
489 2867 696 2924 urbem
726 2880 902 2942 atque
935 2864 1169 2928 Italiam
1196 2866 1347 2926 tueri
1376 2883 1497 2924 non
1544 2861 1748 2941 potest,
1790 2859 1987 2921 vestrae

76 2947 234 3007 fidei
279 2944 596 3008 commisit.
681 2937 942 3014 Adsunt,
985 2948 1086 3022 ,qui
1136 2967 1239 3006 vos
1280 2947 1612 3021 hortentur,
1653 2957 1717 3004 ut
1754 2962 1793 3002 a
1820 2939 1989 3002 nobis

85 3025 447 3090 desciscatis‘.
486 3027 653 3106 Qid
682 3028 838 3087 enim
867 3029 944 3088 est
972 3028 1385 3104 illieoptatius‚
1412 3046 1588 3102 quam
1618 3043 1737 3084 uno
1766 3038 1991 3102 tempo-

88 3131 158 3171 re
193 3123 259 3169 et
287 3125 400 3172 nos
420 3108 874 3178 circumvenire,
901 3122 958 3170 et
979 3115 1084 3168 vos',
1108 3108 1335 3171 nefario
1362 3108 1569 3168 scelere
1597 3103 1991 3188 obstringere?

86 3196 228 3254 Aut
253 3189 408 3266 quid
437 3189 570 3250 irati
598 3191 836 3270 gravius
868 3191 942 3252 de
969 3191 1129 3252 vobis
1156 3188 1363 3250 sentire
1410 3187 1661 3266 possunt,
1710 3190 1989 3262 quarunt

87 3291 198 3332 eos
229 3270 523 3350 prodam,
561 3271 663 3346 qui
692 3270 746 3330 se
774 3272 938 3335 vobis
971 3271 1172 3332 omnia
1200 3273 1407 3332 debere
1428 3269 1743 3350 judicant?
1792 3268 1863 3326 In
1892 3283 1991 3324 eo.

86 3371 241 3414 rum
261 3349 617 3426 potestatem
638 3352 1026 3428 {veniatiquui
1050 3352 1104 3412 se
1135 3373 1237 3428 per
1267 3371 1369 3412 vos
1396 3349 1595 3429 periffe
1624 3343 1993 3408 existimant?

89 3436 214 3492 An
243 3449 392 3492 vero
419 3431 478 3489 in
509 3430 798 3509 Hispania
825 3452 915 3492 res
937 3432 1125 3514 gestas
1148 3434 1383 3494 Caesaris
1406 3452 1527 3494 non
1549 3428 1821 3492 audistis?
1858 3429 1992 3490 Du-

81 3535 156 3588 os
180 3509 390 3598 pulsos
406 3512 733 3576 exercitus?
771 3513 942 3587 Duos
961 3514 1259 3603 superatos
1282 3513 1497 3578 duces?
1531 3513 1702 3577 Duas
1723 3521 1992 3628 receptat³

1618 3607 1947 3680 provincias
1966 3629 1985 3650 .
