2250 3900
219 115 347 161 -ιη
579 96 717 159 DE
783 95 1155 157 BELLO
1220 96 1741 160 GALLICO

215 260 402 338 quod,
431 260 679 341 dignum
711 260 997 317 memoria
1025 260 1233 329 visum,
1265 262 1829 336 praetermittendum
1859 281 1988 321 non·
2010 282 2109 321 ex-

212 344 614 403 istimavimus
659 342 926 423 Qidam
950 356 1083 399 ante
1115 357 1347 417 portam
1379 344 1577 437 oppidi
1603 343 1834 412 Gallus,
1866 345 1976 437 qni·
1994 364 2105 419 per

211 444 427 484 manus
456 424 569 480 sevi
601 442 666 479 ac
697 424 836 496 picis
869 422 1175 480 transditas
1220 425 1419 502 glebas
1470 426 1532 481 in
1561 426 1759 503 ignem
1788 446 1819 483 e
1850 428 2105 504 regione

209 506 386 566 turris
417 504 774 580 projiciebat,
821 503 1121 578 scorpione
1152 507 1225 561 ab
1254 506 1433 562 latere
1470 508 1677 563 dextro
1725 508 2107 583 transjectuS,

207 586 684 660 exanimatusque
709 584 999 643 concidit.
1032 586 1190 642 hunc
1220 605 1287 642 ex
1310 587 1586 661 proximis
1618 604 1767 645 unus
1790 590 2107 680 jacentem

207 664 584 745 transgressus
615 666 822 723 eodem
851 664 951 723 ino
982 684 1222 725 munere
1252 665 1644 746 fungebatur.
1678 672 1877 726 eadem
1908 671 2109 725 ratio·

206 766 284 809 ne
313 750 425 805 istu
451 740 767 822 scorpionis
817 747 1154 827 exanimato
1202 749 1403 820 alteru,
1453 746 1741 805 succeffit
1732 750 1983 823 tertius»,
2038 763 2109 806 et

205 831 384 888 tertio
412 842 688 903 quartus·
721 846 826 885 nec
861 827 952 884 ine
981 820 1142 903 prius
1172 828 1247 885 est
1281 848 1311 883 a
1346 830 1877 907 propugnatoribus
1908 848 2109 885 vacu-

205 928 277 969 us
307 908 536 967 relictus
565 910 750 975 iocus,
787 926 972 981 quam
999 908 1261 966 restint‘to
1290 928 1525 988 aggere,
1560 923 1737 981 atque
1766 911 1928 967 omni
1966 929 2109 984 par-

203 1004 268 1050 te
291 990 570 1047 submotis
599 989 877 1060 hostibus,
921 988 1050 1047 finis
1081 988 1157 1046 est
1187 990 1488 1069 pugnandi
1521 989 1723 1047 factus.
1782 1027 1802 1049 r

287 1070 524 1129 XXVI.
553 1070 776 1129 Omnia
795 1070 1016 1143 experti
1042 1070 1223 1135 Gaui,
1247 1070 1407 1145 quod
1440 1090 1527 1126 res
1555 1072 1715 1128 nulla
1738 1068 2111 1139 successerat,

207 1153 438 1231 postero
467 1152 597 1215 die‚'
615 1151 915 1208 eonsilium
945 1166 1225 1225 ceperunt
1248 1172 1315 1207 ex
1343 1152 1565 1224 oppido
1594 1151 1929 1228 profugere,
1964 1153 2115 1209 hor·

207 1247 374 1293 tante
399 1248 457 1289 et
477 1234 722 1309 jubente
750 1232 1257 1310 Vercingetorige.
1330 1232 1400 1288 ld
1434 1230 1653 1290 fiientio
1684 1236 1862 1288 noetis
1886 1234 2105 1291 conati

203 1332 328 1373 non
351 1332 568 1392 magna
583 1316 807 1393 jactura
827 1312 1063 1369 suorum
1086 1313 1197 1370 sese
1218 1310 1325 1369 effe
1331 1316 1515 1369 &uros
1540 1314 1878 1387 sperabant:
1906 1332 2109 1389 prop·

205 1404 370 1455 tere‘a
395 1395 558 1469 quod
587 1412 778 1467 neque
806 1392 984 1471 long‘e
1013 1394 1088 1450 ab
1113 1394 1337 1467 oppido
1379 1392 1562 1451 castra
1590 1396 2115 1472 Vercingetorigis

201 1480 478 1543 aberant,
537 1488 594 1532 et
627 1476 812 1549 patus,
851 1492 980 1546 quae
1011 1488 1291 1549 perpetua
1320 1474 1735 1541 intercedebat,
1784 1475 2109 1533 Romanos

202 1560 282 1615 ad
312 1556 728 1629 insequendum
759 1556 1052 1613 tardabat.
1134 1555 1381 1629 Jamque
1422 1555 1534 1611 hoc
1564 1554 1755 1612 facere
1784 1559 1959 1613 noc'tu
1994 1577 2027 1613 a
2036 1578 2119 1631 p-

199 1638 514 1714 parabant,
545 1654 732 1710 quum
763 1634 1231 1694 matresfamilias
1256 1649 1495 1710 repente
1528 1638 1586 1692 in
1615 1636 1913 1710 publicum
1950 1658 2101 1711 pro·

202 1730 536 1785 currerunt,
565 1714 878 1789 flentesque
909 1718 1171 1793 projet‘iae
1198 1719 1273 1773 ad
1305 1718 1481 1791 pedes
1508 1717 1765 1783 suorum,
1810 1720 2105 1776 omnibus

201 1799 470 1877 precibus
522 1798 836 1871 petierunt,
886 1816 960 1854 ne
987 1800 1039 1855 se
1071 1812 1129 1855 et
1181 1814 1522 1869 communes
1571 1799 1782 1855 liberos
1830 1798 2107 1857 hostibus

201 1881 280 1939 ad
310 1878 655 1956 suppiicium
685 1876 1002 1936 dederent:
1057 1896 1205 1950 quos
1235 1878 1311 1934 ad
1353 1879 1703 1954 capiendam
1748 1876 1957 1957 fugam
1992 1900 2111 1937 na-

197 1977 340 2022 tura
369 1975 428 2020 et
455 1961 669 2018 virium
699 1957 1006 2017 infirmitas
1035 1960 1365 2033 impediret.
1456 1961 1571 2017 Ubi
1619 1979 1715 2018 eos
1748 1961 2001 2034 perstare
2034 1963 2107 2022 in

199 2043 488 2104 sententia
513 2041 811 2109 viderunt,
864 2041 1024 2113 quod
1074 2042 1421 2114 pierumque
1464 2041 1523 2097 in
1566 2041 1797 2098 summo
1826 2043 2110 2115 periculo·

200 2126 384 2186 timor
415 2122 872 2183 misericordiam
903 2141 1021 2180 non
1051 2121 1276 2194 recipit,
1319 2122 1723 2188 conclamare,
1708 2143 1722 2158 ·
1776 2136 1835 2179 et
1866 2121 2099 2220 fignifi:

93 2225 112 2244 ·
199 2225 338 2266 care
368 2208 442 2265 de
470 2205 614 2286 fuga
646 2203 928 2262 Romanis
959 2216 1277 2277 coeperunt
1364 2203 1506 2293 Qo
1538 2203 1756 2260 timore
1786 2205 2099 2276 perterriti

41 2313 83 2322 ·-
123 2296 126 2300 ’
199 2287 387 2359 Gaui,
435 2305 508 2344 ne
538 2289 612 2343 ab
641 2285 906 2360 equitatu
940 2285 1349 2344 Romanorum
1380 2287 1483 2340 viae
1509 2299 2103 2364 praeoccuparentur

199 2334 442 2426 confifio
469 2365 833 2424 destiterunt.

285 2446 562 2506 xxvu.
605 2445 838 2503 Postero
867 2445 959 2504 die
990 2444 1178 2505 Caesar
1222 2457 1495 2520 promota
1524 2443 1695 2514 turri,
1742 2445 2107 2520 directisque

195 2529 499 2604 operibus,
521 2545 650 2600 quae
667 2524 860 2585 facere
881 2527 1238 2585 instituerat:
1272 2543 1492 2606 magno
1514 2541 1718 2584 coorto
1749 2528 1945 2602 imbri,
1968 2548 2103 2588 non
2120 2577 2133 2584 .

201 2609 474 2669 inutilem
503 2608 657 2666 hanc
687 2608 764 2665 ad
789 2607 1459 2682 capiendarrfconiilium
1496 2609 1895 2682 tempestatem
1930 2610 2103 2666 arbi..

161 2745 169 2752 .
197 2704 394 2750 tratus
423 2689 523 2757 est,
551 2689 716 2765 quod
745 2688 984 2763 paullo
971 2690 1263 2746 incautius
1292 2688 1619 2746 custodias'
1607 2707 1667 2746 ιιι
1696 2707 1869 2746 muro
1897 2689 2098 2762 dispo-

197 2773 339 2834 {itas
385 2772 654 2830 videbat:
704 2769 946 2844 suosque
973 2767 1353 2850 languidius
1339 2789 1398 2827 ιιι
1428 2789 1603 2844 opere
1647 2771 1858 2828 versari
1896 2769 2097 2845 justit,

191 2867 266 2914 «et
293 2854 440 2929 quid
470 2851 594 2911 fieri
643 2850 842 2923 vellet,
883 2849 1149 2910 ostendit.
1234 2849 1529 2930 Legiones
1572 2850 1725 2908 intra
1775 2851 1975 2908 vineas
2028 2853 2099 2910 in

201 2937 440 2994 occulto
467 2932 764 3014 expeditas
789 2931 1153 3000 cohortatus,
1200 2943 1266 2990 ut
1296 2932 1617 3006 aiiquando
1652 2933 1987 3008 pro-tantis
1998 2931 2099 2990 la..

155 3025 166 3036 ·
193 3015 442 3077 boribus
469 3005 723 3074 fructum
745 3013 994 3072 victoria:
1021 3012 1421 3089 perciperent,
1472 3013 1559 3082 iis,
1610 3013 1709 3087 qui
1742 3011 1913 3087 primi
1946 3032 2095 3070 mu.

197 3115 342 3158 'rum
389 3089 821 3164 adscendissent,
871 3096 1108 3172 praemia
1157 3094 1476 3169 proposuit,
1524 3093 1923 3168 militibusque
1974 3093 2099 3174 figz.

199 3193 357 3242 num
381 3177 565 3237 dedit.
654 3175 746 3234 lili
773 3176 962 3235 subito
990 3196 1057 3234 ex
1081 3176 1355 3234 omnibus
1384 3173 1648 3252 partibus
1677 3173 2103 3254 evolaverunt

191 3278 568 3335 muru-mque
592 3256 856 3318 ceieriter
881 3257 1274 3332 complerunt.

277 3340 598 3402 xxvm.
641 3337 853 3398 Hostes
884 3357 946 3396 re
971 3357 1129 3396 nova
1154 3336 1465 3413 perterriti,
1506 3355 1681 3396 muro
1706 3327 2095 3410 turribusque

191 3422 416 3498 *dejecti
463 3423 524 3482 in
553 3419 682 3480 foro
711 3439 778 3477 ac
825 3417 966 3476 locis
995 3418 1416 3494 patentioribus
1462 3419 1760 3478 cuneatim
1808 3418 2087 3477 con-stite·

209 3516 392 3590 {miti
429 3503 546 3572 five
571 3519 795 3578 ammo,
823 3511 913 3575 ut,
941 3497 990 3560 sl,
1011 3517 1131 3577 qua
1157 3518 1223 3564 ex
1250 3515 1439 3580 parte
1431 3499 1684 3564 obvia-m
1710 3499 2089 3562 contraveni-

1901 3593 2093 3651 retur,
