2250 3900
243 191 358 268 ηε
671 184 814 250 DE
879 185 1245 248 BELLO
1310 181 1681 250 crv1L1

227 351 505 431 junxerat
549 349 776 410 Caesari.
865 349 1052 410 Simul
1096 345 1341 411 infamia
1377 371 1423 412 ιι
1456 351 1759 432 legionum
1788 359 2093 429 permotus,

231 451 382 508 quas
409 434 526 492 ab
513 434 717 490 itinere
746 431 900 490 Afiae
933 433 1226 510 Syriaeque
1256 436 1332 492 ad
1360 436 1524 493 suam
1552 436 1876 508 potentiam
1918 437 2095 495 domi-

227 527 555 586 natumque
585 527 974 581 converterat,
1019 533 1145 572 rern
1176 517 1249 572 ad
1280 533 1444 573 arma
1474 514 1684 574 deduci
1716 514 2001 575 studebat.

311 593 383 653 V
435 593 548 652 His
577 596 651 652 de
677 595 858 655 caufis
889 609 1150 674 aguntur
1179 597 1380 653 omnia
1403 595 1621 668 ruptim
1647 610 1817 672 atque
1844 599 2099 666 turbater

225 693 418 749 neque
447 676 696 734 docendi
727 676 960 735 Caesaris
991 677 1333 752 propinquis
1356 679 1475 754 eJ'us
1500 677 1749 752 spatium
1774 677 1971 748 datur,
1995 699 2097 736 nec

222 757 472 816 tribunis
500 757 681 833 plebis
707 757 788 814 sui
822 757 1062 833 periculi
1093 759 1465 833 deprecandi,
1504 777 1692 842 neque
1722 759 1893 817 etiam
1924 774 2101 819 extre-

221 841 306 898 mi
329 839 476 915 juris
508 837 898 896 interceffione
927 840 1237 914 retinendi,
1278 840 1441 913 quod
1472 829 1543 896 L.
1580 839 1741 914 Sylla
1767 842 2099 916 reliquerat,

221 919 472 978 facultas
523 920 832 987 tribuitur,
877 919 972 978 sed
1019 920 1092 978 de
1142 920 1239 978 sua
1268 919 1447 978 salute
1476 920 1567 978 die
1601 941 1685 977 vn
1718 921 1977 1000 cogitare
2006 941 2102 978 co-

219 1011 480 1094 guntur,
528 1001 689 1073 quod
720 1000 800 1057 illi
832 999 1297 1060 turbulentiffimi
1326 1001 1713 1076 superioribus
1744 1002 2107 1076 temporibus

215 1081 434 1140 tribuni
467 1081 646 1156 plebis
672 1101 787 1138 vm
819 1082 1072 1156 denique
1101 1082 1293 1140 mense
1321 1082 1553 1142 fuirum
1594 1083 1885 1140 actionum
1929 1083 2103 1158 respi-

215 1181 368 1232 cere,
411 1181 480 1220 ac
510 1165 714 1222 timere
745 1161 1184 1222 consueverant.
1266 1163 1617 1224 Decurritur
1635 1164 1720 1221 ad
1751 1165 1893 1222 illud
1924 1179 2086 1223 extre

219 1260 393 1303 mum
421 1257 602 1318 atque
633 1243 904 1302 ultimum
937 1243 1054 1302 SC.
1095 1261 1235 1319 quc,
1277 1244 1377 1302 nifi
1412 1263 1557 1320 pene
1588 1244 1647 1302 in
1678 1244 1795 1319 ipso
1825 1246 1986 1303 urbis
2012 1246 2105 1303 in-

215 1326 430 1386 cendio
455 1324 1062 1400 atque-desperatione
1091 1325 1359 1384 omniurn
1390 1325 1605 1392 salutis„
1637 1327 1892 1384 latorum
1923 1327 2107 1385 auda·

177 1411 188 1428 ¹
217 1407 332 1476 cia,
355 1425 684 1484 numquam
717 1419 852 1464 ante
881 1403 1176 1464 discessum
1207 1406 1317 1464 est:
1354 1407 1517 1465 Dent
1550 1425 1789 1480 operam
1820 1407 2111 1482 consules,

203 1493 512 1565 praetores,
536 1488 754 1546 tribuni
779 1487 975 1562 plebis,
1000 1486 1219 1560 quique
1252 1505 1357 1562 pro
1387 1487 1713 1546 consulibus
1739 1487 1873 1545 sunt
1901 1491 1981 1546 ad
2010 1507 2111 1546 ur-

46 1627 61 1636 ,
118 1603 125 1608 ·
217 1571 376 1640 bem,
401 1588 472 1626 ne
495 1569 639 1642 quid
663 1567 1006 1644 Respublica
1029 1569 1365 1628 detrimenti
1388 1569 1601 1644 capiat.
1648 1567 1793 1628 Haec
1827 1569 1940 1626 SC.
1973 1589 2109 1646 per-

193 1650 548 1716 scribuntur
577 1667 630 1706 a.
666 1649 723 1705 d
755 1669 844 1706 vn
881 1648 1020 1707 Idus
1049 1649 1333 1723 Januarii.
1421 1650 1627 1724 ltaque
1670 1669 1703 1706 v
1748 1651 1955 1724 primis
1978 1653 2106 1708 die-

218 1735 349 1822 bus,
371 1730 581 1804 quibus
611 1729 810 1788 haberi
843 1731 1089 1788 Senatus
1121 1731 1334 1806 potuit
1360 1748 1479 1804 qua
1508 1751 1579 1789 ex
1612 1729 1706 1789 die
1733 1729 2107 1790 consulatum

217 1802 346 1872 iniit
380 1811 690 1876 Lentulus,
716 1811 895 1868 biduo
921 1825 1164 1886 excepto
1188 1812 1493 1887 comitiali,
1524 1825 1580 1870 et
1610 1812 1726 1869 de’
1712 1813 1960 1885 imperio
1988 1811 2115 1870 Cae-

215 1893 376 1958 sarie,
401 1906 457 1950 et
481 1893 551 1950 de
575 1888 929 1967 ampliffimis
957 1892 1090 1949 viris
1115 1873 1361 1950 tribunis
1384 1893 1563 1969 plebis
1593 1891 1819 1973 graviffi
1830 1911 1921 1950 me
1952 1912 2113 1953 acer-

215 1974 550 2045 biffimeque
577 1974 926 2035 decernitur
1005 1970 1231 2053 Profug
1236 1975 1364 2033 iunt
1397 1974 1584 2032 statim
1614 1994 1682 2033 ex
1714 1976 1855 2032 urbe
1885 1975 2113 2033 tribuni

215 2055 416 2134 plebis·
429 2055 656 2131 seseque
685 2056 764 2113 ad
791 2053 1073 2113 Caesarem
1103 2054 1431 2113 conferunt.
1500 2054 1558 2113 Is
1588 2075 1658 2117 eo
1687 2069 1954 2129 tempore
1984 2068 2113 2115 erat

220 2114 536 2213 Raveimae,
571 2134 1054 2230 exspeclabatque·
1096 2136 1207 2197 suis
1234 2135 1525 2195 lenissimis
1554 2124 1847 2211 postulatis
1879 2138 2117 2213 respon·

213 2219 307 2279 sa·
351 2219 392 2277 fi
424 2238 542 2293 qua
569 2218 878 2277 hominum
909 2218 1181 2293 aequitate
1209 2238 1301 2275 res
1328 2218 1405 2276 ad
1433 2218 1621 2275 otium
1662 2216 1870 2276 deduci
1898 2219 2109 2293 pollet.

299 2302 411 2361 VI.
475 2300 759 2363 Proximis
813 2300 1020 2357 diebus
1067 2299 1319 2356 habetur
1368 2300 1616 2357 Senatus
1664 2312 1829 2357 extra
1876 2302 2111 2361 urbem·

217 2379 534 2455 Pompeius
593 2384 799 2439 eadem
851 2380 970 2447 illa,
1027 2398 1159 2455 quae
1212 2398 1315 2455 per
1373 2380 1707 2455 Scipionem
1755 2378 2115 2449 ostenderat,

219 2464 384 2543 agiu
415 2461 660 2519 Senarus
689 2462 968 2519 virtutem
999 2462 1501 2535 constantiamque
1528 2460 1861 2527 collaudat·
1905 2464 2113 2537 copias

215 2546 346 2604 suas
395 2544 665 2617 exponit3
707 2542 964 2619 legiones
997 2543 1227 2601 habere
1276 2542 1385 2601 sese
1416 2556 1649 2617 paratas
1680 2562 1734 2600 x.
1818 2500 2113 2601 Fraeterea

215 2625 526 2717 cognitum
553 2639 1044 2697 compertumque
1084 2624 1204 2699 fibi,
1247 2624 1439 2681 alieno
1464 2620 1569 2681 effe
1598 2626 1799 2681 animo
1828 2624 1886 2681 in
1916 2624 2111 2684 Coesa·

216 2724 346 2768 rem
379 2704 608 2778 milites,
631 2723 824 2779 neque
853 2706 917 2760 iis
949 2702 1098 2777 poffe
1130 2704 1479 2781 persuaderi,
1504 2719 1569 2762 ut
1600 2724 1729 2765 eum
1761 2702 2115 2781 defeariant,

215 2802 320 2851 aut
356 2785 694 2861 seq-uantur.
778 2784 875 2843 De
923 2786 1159 2860 reliquis
1188 2788 1365 2845 rebus
1388 2787 1465 2844 ad
1518 2788 1809 2847 Senatum
1832 2752 2115 2844 refertur:

215 2872 378 2931 Tota
405 2884 472 2929 ut
503 2868 634 2927 Itali
622 2888 675 2925 a
703 2868 952 2925 delectus
983 2868 1298 2933 habeatur,
1333 2865 1571 2924 FauRus
1597 2866 1751 2941 Sylla
1784 2882 2119 2953 propraetor

213 2952 275 3013 in
308 2949 726 3009 Mauritaniam
757 2948 1058 3007 mittatur.
1107 2949 1351 3024 pecunia
1382 2948 1465 3007 uti
1489 2966 1561 3005 ex
1588 2949 1788 3006 aerario
1818 2934 2117 3024 Pompeio

215 3034 410 3095 detur..
497 3028 772 3101 Refertur
801 3031 981 3087 etiam
1009 3031 1081 3090 de
1111 3047 1249 3107 rege
1278 3028 1451 3103 Juba‚
1506 3044 1571 3086 ut
1614 3029 1797 3086 socius
1830 3028 1893 3086 fit
1924 3044 2113 3107 atque
2185 3087 2193 3095 ,

217 3113 462 3176 amiens.
551 3110 866 3169 Marcellus
907 3130 1048 3168 vero
1077 3108 1373 3185 paffurum
1401 3109 1501 3168 se
1486 3130 1546 3167 m
1573 3111 1874 3185 praesentia
1902 3126 2111 3191 negat.

216 3198 320 3262 De
351 3189 562 3251 Fausto
591 3191 834 3265 impedit
867 3191 1165 3266 Philippus
1196 3192 1463 3249 tribunus
1494 3190 1696 3266 plebis.
1741 3190 1837 3251 De
1866 3192 2109 3269 reliquis

217 3282 392 3341 rebus
417 3274 534 3332 SC
569 3274 1013 3347 perscribuntur.
1060 3272 1379 3332 Provinciae
1404 3274 1643 3347 privatis
1668 3274 2109 3343 decernuntur·

218 3363 350 3422 duae
369 3354 714 3430 consulares»,
735 3354 971 3427 reliquae
1001 3355 1298 3427 praetoriae.
1346 3353 1603 3429 Scipioni
1630 3354 1871 3421 obvenit,
1900 3345 1983 3411 s:-
1958 3355 2111 3418 xia·
2092 3396 2113 3424 ‚

218 3440 300 3501 L
335 3436 594 3497 Domitio
625 3434 686 3492 G
691 3436 852 3491 allia·
907 3432 1207 3509 Philippus
1238 3447 1297 3491 et
1328 3434 1643 3493 Marcellus
1665 3436 1945 3509 private
1930 3434 2113 3493 onii-

217 3522 298 3580 lio
327 3529 765 3592 praetereuntur,
808 3533 1000 3587 neque
1029 3534 1235 3573 eorum
1264 3514 1443 3575 sortes
1472 3516 1847 3595 dejiciuntur
1894 3518 1989 3585 iu
2018 3538 2109 3575 re.

218 3603 436 3693 siquas
447 3595 776 3673 provincias
819 3610 1090 3678 praetores
1134 3596 1475 3681 mittuntur,
1494 3616 1739 3681 meque
1756 3598 2113 3745 exspectanti,

1936 3698 2061 3761 quo
