2250 3900
229 108 348 175 170
604 96 748 159 DE
817 93 1185 161 BEL-Lo
1250 94 1775 161 GALL1co

217 258 482 321 Turonis
507 261 586 320 ad
605 258 746 321 fines
771 262 1090 322 Carnutum
1124 258 1332 337 posuit,
1364 282 1491 337 quae
1519 280 1758 320 omnem
1788 259 2101 343 regionem

215 344 590 421 conjunctam
619 344 861 405 Oceano
887 346 1285 403 continerent:
1340 366 1384 401 u
1430 346 1683 419 reliqua·
1720 344 1779 401 in
1813 343 2093 401 Lemovi-

216 444 356 486 cum
387 426 526 488 fines
555 445 673 484 non
702 428 874 507 longe
905 428 977 484 ab
1015 427 1317 493 Arvernis,
1348 444 1421 483 ne
1451 444 1568 499 qua
1599 441 1731 499 pars
1762 424 1970 485 Galliae
2000 440 2098 481 va·

219 524 334 566 cua
357 512 428 564 ab
451 508 703 565 exercitu
726 508 872 566 ellet.
961 508 1186 567 Paucos
1212 507 1333 564 dies
1358 506 1467 581 ipse
1493 508 1549 563 in
1575 507 1873 580 provincia
1898 518 2097 562 mora-

217 601 339 653 tus.
371 606 558 664 quum
579 590 842 648 celeriter
869 606 1072 645 omnes
1094 601 1415 645 conventus
1446 584 1916 664 percucurriffet3
1950 587 2101 659 pub·

217 669 362 729 licas
392 670 809 729 controversias
837 666 1225 749 cognovissem
1276 673 1422 730 bene
1472 670 1689 730 meritis
1726 670 1964 743 praemia
1990 668 2101 723 tri·

221 751 463 811 buiffete
504 751 884 829 cognoscendi
917 755 1072 807 enim
1106 751 1420 808 maximam
1450 749 1793 808 facultatem
1824 748 2107 815 habebat,

207 834 384 911 'quali
414 834 655 909 quisque
683 834 882 891 animo
909 832 969 889 in
999 833 1421 905 rempublicam
1468 828 1654 888 fuiffet
1682 831 1861 888 totius
1894 828 2109 888 Galliae

221 918 567 983 deiectione,
614 933 795 991 quam
825 912 1164 973 sustinuerat
1196 910 1471 971 fidelitate
1500 920 1677 987 'atque
1708 912 1935 971 auxiliis
1964 930 2105 986 pro·

223 1001 430 1059 vinciae
479 996 651 1056 illius.
743 994 856 1055 His
901 998 1072 1053 rebus
1123 993 1415 1068 confectis,
1462 994 1540 1051 ad
1568 994 1825 1074 legiones
1874 996 1935 1051 in
1968 992 2107 1051 Bel·

225 1083 396 1167 gium
423 1082 480 1141 se
507 1080 733 1155 recipit,
776 1078 1222 1149 hibernavitque
1256 1076 1713 1135 Nemetocennae.
1938 1078 1948 1085 “

313 1160 555 1222 XLVII
629 1161 713 1218 lbi
763 1157 1058 1239 cognoscit
1107 1154 1451 1232 Commium
1500 1157 1851 1214 Atrebatem
1903 1154 2114 1231 proeiio-

227 1238 662 1325 cum'cquitatu
707 1243 808 1302 suo
837 1236 1204 1299 contendiffe.
1293 1237 1449 1296 Nam
1492 1256 1679 1313 quum
1715 1226 2021 1295 Antonius
2051 1240 2113 1294 in

227 1330 475 1389 hiberna
495 1322 752 1391 venisset,
779 1322 1092 1395 civitasque
1123 1320 1482 1378 Atrebatum
1507 1317 1781 1379 inefficio
1806 1333 2113 1385 manerem

227 1410 561 1474 Commius,
585 1406 686 1481 qui
711 1406 832 1480 post
856 1402 1018 1461 illam
1039 1401 1526 1467 vulnerationem,
1554 1416 1736 1477 quam
1756 1399 1929 1475 supra
1951 1418 2116 1457 com-

228 1488 714 1553 memoravimus,
753 1482 988 1563 'semper
1017 1490 1090 1541 ad
1121 1500 1327 1541 omnes
1368 1498 1565 1540 motus
1616 1496 1853 1558 paratus
1882 1481 2001 1540 suis
2034 1481 2111 1537 ci·

225 1572 400 1635 vibus
431 1568 536 1630 esse
564 1566 898 1645 consuesset²
943 1586 1017 1625 ne
1047 1563 1283 1624 consilia
1311 1564 1443 1622 belli
1484 1566 1878 1641 quaerentibus
1906 1564 2114 1619 auctor

230 1671 538 1717 armorum
569 1653 807 1725 duxque
837 1646 1063 1723 deeffet,
1097 1661 1335 1725 parente
1368 1644 1655 1703 Romanis
1682 1646 1937 1708 civitate,
1966 1662 2113 1701 cum

231 1739 348 1799 fuis
377 1735 670 1810 equitibus
697 1733 772 1799 se,
802 1730 1042 1805 suosque
1073 1726 1388 1787 latrociniis
1415 1729 1628 1799 alebat,
1670 1724 1998 1800 infestisque
2031 1724 2117 1781 iti-

233 1820 470 1879 neribus
517 1828 876 1875 commeatus
926 1810 1274 1888 complures‚
1327 1809 1429 1884 qui
1476 1810 2009 1884 comportabantur
2058 1806 2119 1863 in

231 1902 480 1964 hiberna
514 1898 941 1964 Romanorum,
984 1892 1321 1967 intercipieb
1342 1904 1397 1949 «t.

322 1981 624 2042 XLVlll.
667 1979 814 2037 Erat
861 1978 1176 2036 attributus
1208 1973 1473 2035 Antonio
1522 1970 1817 2047 praefeaus
1846 1969 2119 2046 equitum

235 2066 313 2127 C.
343 2063 669 2124 Volusenus
695 2061 1063 2200 onsadratus,
1114 2061 1385 2131 quicum
1428 2073 1498 2113 eo
1537 2055 1841 2111 hiemaret.
1932 2051 2123 2110 Hunc

239 2149 547 2214 Antonius
567 2147 642 2203 ad
665 2163 765 2220 per
789 2140 1124 2218 equendum
1146 2141 1477 2216 equitatum
1497 2135 1747 2192 hostium
1766 2134 1967 2192 mittit.
1998 2131 2123 2190 Vo-

239 2231 472 2291 lusenus
499 2239 694 2288 autem
723 2225 954 2282 ad'eam
978 2222 1279 2296 virtutem,
1308 2237 1439 2294 quae
1468 2216 1769 2298 singularis
1794 2221 1852 2272 in
1876 2233 1945 2274 eo
1968 2221 2119 2288 erat,

240 2301 534 2393 magnum
563 2311 768 2367 odium
794 2305 1052 2364 Commii
1083 2303 1465 2384 adjungebat,
1493 2318 1613 2374 quo
1644 2297 1915 2356 libentius
1943 2293 2005 2350 id
2036 2291 2121 2351 fa-

239 2407 422 2460 ceret,
452 2391 615 2466 quo'd
637 2390 1048 2466 imperabatur.
1101 2387 1330 2460 ltaque,
1354 2380 1633 2456 dispositis
1655 2377 1889 2452 insidiis,
1910 2375 2121 2450 saepius

241 2477 370 2551 ejus
399 2473 620 2548 equites
669 2467 986 2552 aggreffuS,
1030 2467 1284 2528 secunda
1313 2463 1514 2538 pioelia
1551 2460 1826 2519 faciebat.
1870 2484 1878 2489 -
1911 2456 2119 2526 Novis·

207 2592 215 2601 ·
241 2557 404 2620 nme,
430 2573 620 2629 quum
642 2550 1040 2614 vehementius
1060 2548 1533 2612 contenderant,
1556 2561 1622 2601 ac
1644 2539 1968 2598 Volusenus
1994 2535 2122 2613 ipsi-

239 2657 313 2702 us
343 2633 744 2710 intercipiendi
771 2633 1028 2694 Commii
1059 2631 1382 2706 cupiditate
1428 2622 1779 2702 pertinacius
1814 2639 1947 2680 eum
1976 2636 2121 2678 cum

231 2721 451 2800 'paucis
480 2718 768 2776 insecutus
797 2713 929 2773 esset
953 2734 970 2782 ς
1006 2713 1098 2772 ille
1128 2725 1323 2771 autem
1352 2709 1495 2789 fuga
1526 2701 1859 2763 vehementi
1887 2699 2129 2758 Voluse-

243 2819 394 2867 num
418 2796 650 2881 longius
669 2793 1015 2874 produxisset
1033 2816 1050 2862 ς
1081 2806 1319 2870 repente
1340 2788 1606 2848 omnium
1629 2785 1865 2844 suorum
1888 2780 2127 2840 invocat

243 2887 428 2946 fidem
457 2897 634 2966 atque
662 2877 962 2953 auxilium,
1009 2895 1082 2935 ne
1109 2876 1211 2934 sua
1241 2873 1509 2937 vulnera,
1553 2866 1799 2944 perfidia
1825 2863 2127 2940 interposi..

247 2979 335 3042 ta,
385 2963 971 3040 paterenturdnulta,
1019 2956 1415 3029 conversoque
1452 2969 1625 3024 equo,
1654 2948 1709 3006 se
1738 2966 1775 3005 a
1802 2947 2004 3004 ceteris
2034 2944 2123 3002 in-
2207 2955 2209 2960 ·

247 3052 482 3110 cautius
513 3044 798 3122 permittit
824 3043 884 3100 in
916 3039 1267 3117 praefectum.
1334 3033 1579 3092 Faciunt
1600 3029 1756 3087 idem
1776 3045 1975 3086 omnes
1998 3028 2127 3106 ejus

249 3130 501 3208 equites,
531 3126 859 3202 paucosque
885 3123 1106 3182 nostros
1137 3129 1487 3180 convertunt
1514 3127 1692 3186 atque
1720 3109 2125 3182 insequuntur.

245 3208 560 3276 Commius
589 3207 886 3272 incensum
914 3203 1235 3264 calcaribus
1264 3215 1483 3274 equum
1524 3193 1725 3277 jungit
1772 3207 1927 3264 equo
1953 3188 2122 3266 Qa-

245 3295 428 3360 drati.
449 3289 768 3362 lanceaque
793 3285 990 3344 infesta
1013 3286 1277 3344 medium
1296 3281 1491 3338 femur
1510 3278 1629 3352 ejus
1654 3289 1885 3352 magnis
1906 3270 2125 3328 viribus

248 3376 561 3456 transjicit.
646 3368 918 3433 Praefeclo
947 3368 1273 3430 vulnerato,
1316 3379 1437 3422 non
1466 3358 1737 3420 dubitant
1765 3351 1936 3412 nostri
1966 3347 2123 3408 rests-

249 3468 398 3524 tere‚
428 3471 488 3516 et
513 3453 770 3516 converli
805 3447 1023 3512 hostem
1053 3447 1286 3521 pellere.
1353 3441 1539 3522 Qod
1568 3438 1665 3497 ubi
1696 3434 1930 3502 accidit,
1958 3449 2121 3490 com·

251 3540 452 3632 plures
495 3537 774 3610 hostium,
823 3547 1046 3616 magno
1073 3527 1409 3592 nostrorum
1442 3522 1665 3605 impetu
1710 3515 1882 3602 pulfi,
1904 3513 2131 3660 12:23.

2108 3633 2129 3672 1
