2250 3900
251 84 397 149 ωε
712 72 856 145 'DE
928 28 1787 163 13314120‘·c1v11.1s

281 244 566 309 militibus
594 243 1030 307 circumventus
1061 245 1427 326 interficitur,
1474 270 1543 309 ae
1572 246 1927 331 fugientium
1956 246 2137 309 miiiti-

269 326 489 409 ,tudine
518 346 585 387 ae
616 329 787 386 turba
815 341 1005 404 portae-
1024 328 1345 392 castrorum
1382 343 1751 407 occupantur
1770 340 1795 399 ἰ
1842 342 2021 405 atque
2046 332 2139 387 iter

281 408 636 485 impeditum
679 408 986 489 pluresque
1036 409 1096 469 in
1147 430 1216 470 eo
1247 412 1377 469 loco
1423 411 1536 472 fine
1584 410 1847 485 vulnere,
1888 410 2141 485 quanin

165 544 186 557 ,
283 488 491 569 proelio
519 504 620 549 aut
647 488 816 571 fuga,
846 490 1161 551 intereunt.
1244 492 1451 567 Neque
1477 494 1737 553 multum
1766 492 1979 559 abfuit,
2017 491 2143 575 quin

287 571 464 633 etiam
492 569 690 631 castris
721 572 1192 649 expellerentur3
1243 592 1310 633 ac
1339 573 1607 635 nonnulli
1655 573 1922 651 protinus
1952 574 2145 631 eodem

283 651 457 712 eursu
486 652 546 711 in
574 652 860 729 oppidum
889 654 1337 732 contenderunt.
1422 655 1540 719 Sed
1569 674 1758 731 quum
1786 654 1901 713 loci
1928 668 2147 723 natura,

285 744 416 791 tum
447 732 694 793 munitio
715 732 1035 794 castrorum
1059 736 1287 795 aditum
1308 735 1687 813 prohibebatz
1722 736 1887 811 quod
1912 736 1994 796 ad
2022 754 2150 809 proe-

193 859 210 870 .
283 810 433 874 lium
464 812 661 897 egreffi
691 812 965 875 Curionis
994 814 1206 875 milites
1238 816 1307 877 iis
1334 814 1507 877 rebus
1535 816 1902 898 indigebant,
1932 834 2061 893 quae
2084 815 2148 873 ad

283 897 790 977 oppugnationem
820 894 1139 956 castrorum
1170 911 1337 957 erant
1362 896 1509 959 usui.
1556 899 1765 974 Itaque
1791 898 1981 959 Curio
2008 906 2148 955 e'xer-

285 976 471 1035 citum
503 975 564 1035 in
592 976 774 1041 castra
801 976 1050 1050 reducit,
1098 977 1215 1039 fixis
1262 979 1537 1041 omnibus
1564 992 1773 1055 praeter
1799 978 2051 1057 Fabium
2076 978 2149 1035 iu·

285 1054 634 1129 comunibus,
672 1077 739 1117 ex
759 1076 1017 1118 :numero
1045 1058 1513 1135 adversariorum
1539 1061 1771 1121 circiter
1796 1078 1875 1119 nc
1902 1058 2150 1122 interfec-

272 1138 385 1209 πίε,
427 1156 497 1197 ac
531 1158 576 1197 n
607 1140 925 1200 <vulneratis
952 1162 969 1200 ε
1015 1140 1118 1217 qui
1146 1160 1353 1201 omnes
1384 1140 1619 1201 disceffu
1648 1140 1949 1210 Curionis,
1976 1138 2150 1199 multi-

287 1236 405 1297 que
436 1232 730 1297 praeterea,
772 1239 878 1297 per
906 1219 1337 1281 fimulationem
1364 1224 1699 1293 vulnerum,
1742 1242 1813 1281 ex
1858 1220 2057 1281 castris
2098 1220 2149 1277 in

288 1302 598 1379 oppidum,
639 1314 880 1379 propter
909 1302 1220 1378 timorem,
1258 1302 1375 1363 sese
1398 1299 1709 1381 recipiunt.
1790 1304 1939 1385 Qa
1962 1321 2027 1363 re
2050 1301 2148 1359 ani-

289 1381 620 1458 madversa,
659 1382 875 1452 Varus,
923 1396 980 1443 et
1023 1398 1246 1443 terrore
1275 1384 1559 1445 exereitus
1586 1384 1853 1466 cognite,
1892 1382 2145 1443 buccina·

293 1476 420 1525 tore
449 1462 512 1523 in
539 1462 756 1532 castris,
806 1476 864 1523 et
915 1464 1118 1541 paucis
1143 1466 1221 1523 ad
1248 1463 1496 1541 speciem
1526 1464 1915 1527 tabernaculis
1942 1463 2145 1530 relicus,

292 1546 369 1605 de
397 1545 574 1605 tertia
599 1532 803 1627 vigilia
832 1544 1054 1605 silentio
1080 1548 1397 1605 exercitum
1428 1549 1489 1607 in
1516 1547 1803 1625 oppidum
1828 1543 2075 1627 reducit.

375 1626 672 1685 XXXVI.
720 1624 954 1685 Postero
1002 1626 1099 1687 die
1125 1626 1307 1688 Curio
1339 1628 1582 1687 Uticam
1607 1627 1893 1703 obsidere²
1933 1639 1996 1686 et
2018 1624 2147 1684 vallo

292 1706 748 1767 circummunire
797 1707 1061 1767 instituit.
1144 1710 1296 1768 Erat
1343 1708 1403 1767 in
1431 1710 1651 1787 oppido
1676 1708 2000 1769 multitudo
2025 1706 2143 1767 inso-

292 1789 420 1847 lens
468 1786 625 1857 belli,
669 1789 1055 1848 diuturnitate
1107 1790 1255 1849 otii:
1322 1790 1619 1851 Uticenses
1668 1809 1776 1865 pro
1824 1788 2145 1865 quibusdam

295 1868 535 1930 Caesaris
565 1869 706 1927 in—se
733 1869 1028 1929 beneficiis
1055 1869 1135 1931 illi
1184 1870 1539 1943 amiciffimi3
1584 1868 1933 1948 conuentus,
1976 1868 2071 1945 qui
2096 1886 2145 1927 ex

296 1952 474 2011 variis
501 1950 812 2033 generibus
857 1950 1147 2012 constaret
1171 1974 1191 2022 ς
1232 1966 1423 2012 terro-r
1451 1974 1518 2013 ex
1544 1950 1935 2030 superioribus
1958 1945 2147 2028 proeliis

297 2034 600 2113 magnus?
647 2029 858 2106 ltaque
879 2033 952 2098 de
979 2033 1277 2096 deditione
1305 2053 1509 2094 omnes
1536 2035 1731 2110 palam
1761 2034 2147 2110 loquebantur,

303 2126 362 2174 et
389 2131 525 2172 cum
557 2111 626 2174 P.
658 2113 824 2172 Attio
854 2115 1132 2196 agebant,
1182 2133 1258 2173 ne
1284 2115 1384 2174 sua
1410 2116 1729 2193 pertinacia
1757 2115 2030 2178 omnium
2052 2111 2149 2172 for·

299 2207 475 2254 tunas
525 2196 856 2272 perturbari·
902 2195 1092 2256 vellet.
1180 2193 1330 2254 Haee
1372 2215 1559 2272 quum
1598 2212 1937 2277 agerentur,
1978 2191 2148 2254 nuncii

301 2276 563 2354 praemiffi
595 2278 668 2336 ab
696 2295 836 2358 rege
883 2277 1034 2352 Juba
1081 2287 1405 2338 venerunt:
1450 2279 1552 2354 qui
1581 2279 1745 2338 illum
1776 2296 1913 2336 cum
1946 2274 2150 2356 magnis

301 2359 485 2434 copiis
515 2355 696 2416 adesse
728 2360 1020 2438 dicerent2
1055 2371 1110 2417 et
1162 2359 1236 2418 de
1276 2357 1533 2418 custodia
1562 2379 1630 2417 ac
1660 2357 1995 2419 defensione
2022 2355 2150 2414 urbis

301 2438 710 2532 hortarenturz
758 2457 886 2516 quae
935 2457 1024 2500 res
1074 2458 1283 2500 eorum
1326 2441 1667 2520 perterritos
1706 2439 1939 2500 animos
1968 2435 2149 2498 confir·

303 2533 509 2581 mavit.
2184 2563 2191 2570 .

387 2599 718 2676 XXXVII.
763 2599 1213 2663 Nunciabantur
1254 2603 1373 2664 haec
1402 2605 1609 2665 eadem
1637 2599 1903 2672 Curioni,
1947 2601 2045 2662 sed
2068 2599 2148 2658 ali·

308 2683 589 2758 quamdiu
619 2681 761 2740 fides
792 2684 914 2742 fieri
944 2704 1063 2744 nou
1091 2701 1345 2762 poterat.
1386 2688 1649 2747 Tantam
1666 2684 1924 2746 ⁴habebat
1954 2684 2153 2744 suarum

306 2781 504 2824 rerum
531 2761 828 2822 fiduciam.
871 2765 1122 2840 Jamque
1146 2765 1381 2828 Caesaris
1406 2769 1464 2826 in
1492 2767 1775 2842 Hispania
1802 2785 1893 2826 res
1922 2762 2151 2824 secunda

291 2845 371 2904 ‘in
401 2843 665 2904 Africam
687 2845 917 2904 nunciis
941 2865 1008 2903 ac
1035 2843 1215 2906 literis
1238 2846 1696 2924 perferebantur.
1737 2848 1979 2928 Quibus
2002 2841 2155 2904 omni·

208 2963 216 2971 =
304 2930 418 2986 bus
447 2928 620 2986 rebus
648 2927 902 2986 sublatus
931 2925 1076 2984 nihil
1105 2945 1311 2986 contra
1336 2930 1392 2986 se
1428 2927 1655 3009 Regem
1695 2929 1959 2988 nisurum
2002 2921 2152 2986 existi·

312 3007 528 3081 mabat.
572 3007 690 3064 Sed
721 3008 818 3067 ubi
837 3009 1020 3084 ⁴,certis
1049 3011 1375 3068 auetoribus
1399 3010 1706 3086 comperit,
1729 3010 1925 3068 minus
1958 3028 1994 3065 v
2026 3020 2078 3066 et
2094 3019 2151 3061 xx

247 3099 252 3104 ’
311 3081 568 3146 millibus
601 3087 844 3168 (louge)
877 3092 950 3147 ab
981 3089 1160 3148 Utica
1188 3094 1309 3172 eJus
1328 3091 1537 3166 ,copias
1562 3089 1749 3170 *abeffe
1768 3088 2024 3160 erelie‘tia
2050 3103 2152 3148 mu·

313 3168 656 3236 ultionibus,
677 3168 786 3228 sese
811 3168 870 3226 in
893 3169 1076 3228 castra
1097 3170 1451 3230 Corneliana
1474 3172 1710 3248 recepit.
1759 3169 1902 3230 Huc
1922 3168 2151 3230 frumen·

309 3263 442 3308 tum
467 3261 860 3325 comportare,
887 3250 1068 3310 castra
1089 3251 1339 3329 munire,
1362 3251 1673 3324 materiam
1702 3251 1971 3312 conferre
1984 3245 2150 3324 coepit,

313 3329 624 3406 statimque
667 3331 726 3390 in
758 3329 1014 3389 Siciliam
1065 3333 1238 3410 mifit,
1278 3335 1364 3392 uti
1399 3355 1444 3391 11
1482 3334 1765 3416 legiones,‘
1815 3332 2150 3407 reliquusque

313 3411 610 3484 equitatus
633 3410 709 3468 ad
731 3411 784 3470 se
807 3413 1158 3472 mitteretur.
1203 3413 1405 3474 Castra
1428 3429 1595 3475 eraut
1614 3417 1693 3474 ad
1718 3413 1941 3474 bellum
1970 3414 2151 3472 ducen-

313 3490 458 3546 dum
489 3490 794 3566 aptiffima,
813 3505 1030 3550 natura
1057 3508 1114 3552 et
1142 3492 1255 3554 loci
1284 3498 1631 3574 munitione,
1663 3510 1721 3556 et
1747 3497 1927 3556 maris
1954 3491 2156 3570 propin-

302 3567 560 3648 quitate,
605 3583 667 3637 et
691 3589 876 3652 aque
925 3586 983 3636 et
1010 3572 1139 3638 salis
1168 3577 1377 3657 copia:
1423 3581 1590 3662 cujus
1618 3596 1841 3663 magna
1868 3577 1955 3636 vis
1970 3577 2084 3668 jam
2106 3586 2155 3662 e}

609 3703 612 3708 .
1918 3667 2157 3739 promtus
