2250 3900
1693 10 1772 27 ...Ἦ-ἶ

287 160 408 237 236
683 120 862 217 'DE
933 154 1297 222 BELLo
1366 152 1731 221 clvtm

278 332 548 389 caretur,
591 316 714 393 ipfi,
757 336 936 377 manu
968 318 1139 387 facia,
1164 338 1307 379 cum
1338 319 1427 395 iis,
1454 338 1605 395 quos
1636 336 1821 395 nuper
1852 320 2145 379 manumis-

279 402 368 460 sos
423 400 826 477 liberaverant‚
877 401 936 459 in
989 402 1255 497 proxima
1300 401 1528 461 Oaavii
1577 400 1757 459 castra
1800 401 2139 477 irruperunt.

281 481 401 541 His
427 483 799 569 expugnatis,
823 483 1067 541 codem
1055 500 1275 559 impetu
1300 483 1482 542 altera
1500 483 1634 541 sunt
1654 480 1868 549 adorti,
1885 474 2022 541 inde
2043 497 2141 541 ter-

281 561 384 629 tia,
409 577 464 619 et
489 575 722 635 quarta,
749 576 806 624 et
828 564 1099 641 deinceps
1131 566 1386 641 reliqua.
1426 562 1806 636 omnibusque
1837 581 1935 621 eos
1964 563 2143 622 castris

281 644 664 717 expulerunt;
705 657 785 713 et,
817 663 1040 738 magno
1067 664 1315 704 numero
1346 645 1663 712 interfecto,
1694 644 1953 735 reliquos
1982 658 2144 718 atque

186 750 200 757 -
279 722 466 798 ipsum
501 723 859 783 Octavium
843 744 902 783 m
929 746 1108 785 naves
1137 725 1453 807 confugere
1484 706 1824 805 coe'gertint.
1896 722 2019 783 Hic
2046 724 2147 784 fuit

279 788 736 899 oppugnationis
761 805 966 864 exitus.
1007 808 1257 901 Jamque
1278 808 1463 865 hiems
1494 806 2037 881 appropinquabat3
2074 819 2142 873 et,

282 886 461 945 tantis
493 886 852 947 detrimentis
882 888 1133 961 acceptis
1166 887 1463 961 Octavius,
1506 887 1804 963 desperata
1844 906 2141 967 oppugna·

277 965 435 1024 tione
463 967 687 1041 oppidi,
731 967 1181 1043 Dyrrhachium
1209 969 1319 1028 sese
1350 969 1426 1026 ad
1456 966 1837 1043 Pompeium
1840 970 2073 1045 recepit.

361 1046 433 1105 X·
482 1048 964 1109 Demonstratum
999 1048 1094 1114 est
1145 1048 1221 1109 L.
1263 1050 1591 1109 Vibullium
1636 1046 1863 1107 Rufum
1896 1048 2141 1126 Pompeii

273 1128 609 1204 praefetstum
640 1130 769 1187 bis
755 1150 815 1189 m
845 1130 1187 1205 potestatem
1212 1129 1527 1205 pervenisse
1576 1129 1829 1199 Caesaris,
1876 1143 2051 1203 atque
2080 1131 2140 1187 ab

278 1228 352 1273 eo
387 1207 490 1267 effe
520 1209 830 1277 dimissum,
873 1210 1046 1271 semel
1094 1212 1171 1269 ad
1200 1211 1551 1285 Corfinium,
1602 1208 1817 1269 iterum
1847 1210 1905 1269 in
1939 1210 2139 1286 Hispa-

276 1291 396 1351 nia.
445 1288 624 1348 Hunc
649 1310 754 1365 pro
785 1290 893 1349 suis
925 1292 1218 1351 beneficiis
1248 1291 1434 1351 Caesar
1455 1290 1821 1368 judicaverat
1850 1290 2135 1365 idoneum,

279 1388 456 1445 quem
487 1390 622 1430 cum
647 1370 940 1432 mandatis
990 1374 1068 1431 ad
1118 1372 1229 1431 Cn.
1264 1371 1612 1448 Pompeium
1662 1371 1918 1431 mitteret
1944 1393 1958 1429 ε
2006 1392 2137 1431 eun·

279 1454 534 1527 demcwe
565 1454 723 1529 apud
751 1454 861 1513 Cn.
887 1452 1234 1530 Pompeium
1259 1454 1661 1513 auctoritatem
1694 1452 1904 1511 habere
1935 1454 2135 1511 intelli-

277 1536 477 1613 gebat.
560 1534 710 1593 Erat
759 1548 958 1594 autem
1007 1536 1129 1594 haec
1180 1535 1409 1595 summa
1447 1536 1898 1593 mandatorum:
1944 1534 2137 1593 debere
2198 1554 2200 1589 3

277 1628 598 1687 utrumque
627 1616 952 1689 pertinaciae
982 1616 1161 1679 finem
1186 1615 1399 1687 facere,
1442 1629 1498 1674 ct
1530 1618 1605 1674 ab
1632 1617 1809 1673 armis
1842 1615 2133 1679 discedere,
2198 1596 2200 1635 ¹

277 1712 468 1767 neque
517 1693 770 1832 mugnus
825 1694 1132 1756 fortunam
1188 1697 1530 1773 periclitari.
1596 1695 1728 1755 satis
1777 1692 1885 1754 effe
1932 1714 2136 1774 magna

276 1775 614 1848 utrimquei
660 1776 981 1836 commoda'
1003 1776 1281 1857 accepta·
1310 1797 1437 1853 quae
1468 1792 1573 1853 pro
1602 1775 1899 1853 disciplina
1926 1788 1982 1835 et
2012 1796 2137 1849 prae·

277 1856 457 1929 ceptis
487 1856 698 1916 habere
730 1855 966 1931 poffent,
1016 1872 1078 1918 ut
1119 1848 1373 1932 reliquos
1402 1859 1562 1918 casus
1591 1858 1885 1917 timerent.
1972 1858 2135 1915 Illum

279 1938 351 1998 ab
387 1936 546 1996 Italis
577 1938 888 2016 expulsum,
929 1937 1128 2000 amissa
1170 1941 1365 2001 Sicilia
1414 1955 1470 2002 et
1503 1939 1770 2000 Sardinia
1813 1940 2135 2012 duabusque

278 2017 598 2096 HispaniiS‚
642 2033 698 2078 ct
739 2021 1076 2090 cohortibus
1099 2021 1177 2086 ,in
1218 2023 1386 2082 ltalia
1414 2037 1590 2096 atque
1620 2021 1905 2097 Hispania
1931 2021 2134 2078 civium
2196 2063 2198 2090 ἰ

278 2098 689 2160 Romanorum
717 2119 747 2160 c
771 2115 948 2177 atque
972 2121 1117 2161 xxx.
1149 2103 1203 2161 se
1226 2118 1418 2162 morte
1441 2103 1711 2161 Curionis
1742 2119 1797 2160 et
1826 2103 2131 2160 detrimen·
2196 2091 2198 2142 Ι

281 2195 342 2241 to
366 2179 638 2242 Africani
663 2183 941 2242 exercitus
964 2199 1131 2242 tanto
1138 2185 1548 2260 ,militumque
1579 2183 1872 2242 deditione
1903 2183 1977 2241 ad
1996 2175 2137 2243 Cor-

278 2283 503 2340 cyram.
592 2265 841 2326 Proinde
875 2264 970 2323 fibi
1001 2285 1066 2324 ac
1099 2265 1425 2342 reipublicae
1456 2278 1779 2339 parcerent.
1823 2277 2129 2338 quantum·

277 2363 392 2417 que
423 2345 480 2403 in
511 2344 662 2402 bello
687 2341 925 2403 fortuna
957 2345 1192 2420 poil'et,
1165 2365 1297 2423 jam
1328 2347 1430 2421 ipfi
1460 2345 1846 2404 incommodis
1874 2345 1985 2428 suis
2014 2344 2131 2403 satis

276 2423 450 2484 cisent
501 2427 896 2486 documento:
951 2427 1063 2484 hoc
1095 2445 1270 2486 unum
1302 2425 1404 2486 effe
1434 2440 1665 2500 tempus
1694 2427 1764 2484 de
1792 2423 1938 2502 pace
1965 2445 2129 2506 agen·

273 2505 356 2580 di,
386 2506 529 2563 dum
559 2503 659 2562 fibi
689 2518 936 2584 uterque
965 2507 1307 2574 confideret.
1357 2523 1416 2566 et
1466 2527 1630 2582 pares
1672 2509 1849 2565 ambo
1878 2507 2129 2570 videten·

277 2598 414 2646 tur.
459 2585 500 2642 fi
531 2603 669 2644 vero
699 2589 863 2646 alteri
895 2589 1156 2662 paullum
1188 2591 1368 2647 modo
1396 2586 1667 2647 tribuisset
1704 2587 1983 2657 fortuna3
2028 2605 2131 2646 non
2194 2587 2196 2654 i

275 2665 378 2726 effe
408 2667 647 2725 usurum
677 2669 1106 2728 conditionibus
1140 2671 1295 2744 pacis
1326 2689 1483 2740 eum,
1513 2670 1613 2743 qui
1640 2669 1900 2744 superior
1930 2629 2133 2728 videre-

276 2761 392 2817 tur,
438 2768 629 2824 neque
657 2747 781 2806 fore
811 2768 976 2823 aequa
1007 2766 1170 2826 parte
1200 2764 1585 2821 contentum„
1615 2751 1725 2824 qui'
1744 2751 1797 2808 se
1825 2751 2026 2808 omnia
2054 2751 2136 2806 ha-

233 2831 255 2836 “
274 2832 532 2890 biturum
558 2830 872 2889 confideret
896 2852 930 2887 ε·
956 2829 1321 2890 conditiones
1345 2832 1523 2908 pacis,
1546 2832 1827 2906 quoniam
1856 2845 1991 2890 ante
2018 2851 2135 2888 con-

271 2912 639 2972 venireaenon
689 2911 1014 2987 potuiffent,
1063 2913 1267 2989 Romae
1319 2932 1354 2971 a
1396 2912 1594 2972 senatu
1630 2927 1690 2970 et
1716 2933 1752 2970 a
1782 2912 2001 2988 populo
2034 2911 2135 2986 peti

277 2992 518 3050 debere:
555 2996 775 3057 interca
803 3009 859 3051 et
885 2993 1245 3073 „Reipublicae
1276 3007 1331 3051 et
1362 2993 1749 3069 ipsisplacere
1777 3007 2073 3068 oportere3
2104 2990 2134 3047 fi

278 3085 525 3147 uterque
575 3075 634 3130 in
667 3075 945 3132 concione
967 3076 1166 3133 Ratim
1190 3073 1503 3151 juravisset,
1548 3073 1616 3134 se-
1652 3075 1848 3132 triduo
1875 3074 2133 3149 proximo
2192 3115 2194 3156 Q

237 3211 248 3224 ,
276 3155 592 3214 exercitum
623 3153 1013 3212 dimiffurum:
1050 3156 1329 3230 depositis
1351 3156 1526 3214 armis
1547 3156 1905 3230 auxiliisque,
1934 3157 2131 3228 quibus

277 3235 657 3302 confiderent,
710 3234 1014 3294 necelsario
1056 3237 1633 3312 populi·scnatusque
1656 3236 1879 3312 judicio
1908 3235 2035 3292 fore
2077 3255 2131 3292 u·
2192 3167 2195 3388 1

276 3325 550 3390 numque
579 3329 946 3374 contentum.
997 3317 1167 3374 ‘Haec
1200 3336 1319 3392 quo
1347 3315 1572 3377 facilius
1604 3315 1876 3409 Pompeio
1908 3315 2131 3391 probari

273 3398 489 3472 possent
509 3416 712 3455 omnes
732 3397 856 3456 suas
877 3397 1165 3455 terrestres
1182 3400 1533 3471 urbiumque
1550 3398 1747 3474 copias
1767 3396 2130 3456 dimissurum·

354 3477 476 3532 Xl.
512 3474 824 3544 Vibullius,
851 3477 906 3532 hi
913 3499 936 3532 s
961 3478 1225 3549 expolitis
1255 3499 1288 3534 a
1318 3479 1557 3554 Caesare,
1582 3498 1701 3536 non
1730 3478 1925 3536 minus
1956 3478 2131 3536 uccel-

268 3551 480 3618 sarium
505 3555 607 3638 effe
630 3556 941 3626 existimav
928 3571 990 3638 it,
1015 3556 1086 3621 de
1108 3560 1412 3638 repentino
1434 3561 1691 3628 adventu
1714 3559 1949 3628 Caesaris
1974 3561 2131 3616 Pom-

1944 3641 2132 3732 peium

119 3747 288 3784 ..ι-ι

59 3803 100 3854 Α
