2250 3900
92 1 114 136 l

302 112 379 184 86
652 120 794 184 DE
865 119 1245 188 BELLO'
1309 127 1821 192 GALLICO

287 285 478 348 hortis
505 287 893 355 centuriones,
943 309 1012 348 ex
1042 309 1135 357 eo,
1178 309 1299 367 quo
1330 237 1589 360 [fahantf
1624 293 1755 351 loco
1790 289 2179 358 recefferunt.

286 368 529 444 suosque
573 389 778 429 omnes
809 387 1185 429 removerunt
1208 395 1224 430 ε
1278 387 1426 450 nutu
1478 374 1829 448 vocibusque
1862 375 2079 441 hostes,
2136 373 2177 432 fi

283 451 531 510 introire
555 453 787 526 vellent,
811 469 1020 509 vocare
1042 467 1341 526 coeperunt
1359 475 1389 523 t,
1406 474 1665 530 quorum
1694 457 1965 536 progredi
1994 455 2177 514 ausus

285 531 366 593 cst
395 551 584 590 nemo.
673 529 834 602 'Purn
865 551 930 589 ex
959 536 1121 590 omni
1148 547 1309 608 parte
1340 536 1629 609 lapidibus
1658 538 1929 618 conjectis
1958 538 2173 596 detur·
2210 563 2219 574 ·

288 613 434 679 bati,
477 611 762 686 turrisque
790 612 1055 672 succensa
1085 614 1180 674 est.

367 693 600 753 XLIV.
653 693 838 752 Erant
867 694 922 750 in
955 715 1023 752 ea
1053 697 1282 775 legione
1310 694 1593 754 fort'sffimi
1624 699 1731 757 viri
1764 698 2171 763 centurione-5,

281 776 384 851 qui
408 777 534 850 jam
565 776 764 850 primis
795 776 1096 834 ordinibus
1125 777 1685 852 appropinquarent,
1740 780 1811 836 T.
1850 779 2067 844 Pulfio.
2110 793 2177 836 et.

185 915 205 920 -
279 857 361 918 L.
389 857 677 916 Varenus,
769 857 812 912 [i
863 857 1173 931 perpetuas
1223 861 1641 917 controversias
1672 863 1819 918 inter
1872 863 1926 917 se
1978 861 2169 918 habe·

277 943 443 1006 bant,
497 950 627 996 uter
655 935 819 995 alteri
850 937 1254 1005 anieferretun
1296 941 1679 1016 omnibusque
1710 942 1873 998 annis
1924 941 2001 998 de
2038 943 2173 998 loco

275 1018 518 1078 flammis
551 1017 935 1085 simultatibus
963 1021 1420 1078 contendebant.
1510 1021 1592 1077 Ex
1626 1024 1689 1078 iis
1724 1021 1929 1086 Pulfio.
1974 1027 2171 1096 quum

273 1100 560 1160 acerrime
587 1100 664 1158 ad
684 1100 1036 1178 munitiones
1061 1115 1453 1182 pugnaretur:
1480 1100 1641 1184 Qid
1666 1103 1919 1176 dubitas,
1943 1103 2171 1176 inquit,

274 1181 546 1242 Varene?
601 1179 733 1239 Aut
775 1199 954 1258 quem
1002 1181 1201 1240 locum
1249 1185 1565 1257 probandae
1611 1184 1844 1240 virtutis
1893 1197 2011 1240 tuae
2068 1204 2167 1240 ex·

270 1262 528 1341 specius?
559 1261 677 1319 Hic
706 1262 826 1320 dies
855 1265 927 1322 de
957 1262 1163 1320 nostris
1189 1264 1593 1321 conti-overliis
1615 1264 1925 1341 judicabit.
2008 1264 2161 1322 Haec

269 1363 462 1421 quum
481 1341 719 1408 dixiffet,
745 1345 1003 1414 procedit
1024 1357 1185 1402 extra
1203 1346 1583 1412 munitiones3
1618 1359 1696 1417 et,
1720 1362 1848 1419 quae
1866 1363 2005 1418 pars
2028 1346 2161 1404 hos-

269 1428 418 1487 tium
447 1423 857 1485 confertissima
905 1424 1021 1482 visa
1049 1425 1147 1492 est,
1198 1428 1255 1483 in
1286 1445 1419 1484 eam
1462 1427 1756 1502 irrumpit.
1846 1427 1933 1506 N.‘·'
1964 1423 2161 1484 Vare-

267 1527 382 1570 nus
413 1507 652 1582 quidem
683 1519 810 1564 tum
844 1505 1137 1566 vallo'sese
1167 1507 1447 1574 continet,
1496 1508 1591 1565 sed
1628 1510 1896 1566 omnium
1928 1508 2157 1564 veritus

267 1587 750 1652 existimationem
772 1588 1151 1662 iubsequitur‚
1176 1588 1459 1646 mediocri
1477 1589 1661 1664 spatio
1682 1590 1895 1646 relicio.
1957 1587 2155 1645 Puffio

264 1669 450 1747 pilum
480 1669 538 1726 in
567 1668 756 1730 hostes
784 1669 984 1743 mittit,
1035 1683 1212 1744 atque
1262 1689 1447 1728 unum
1482 1691 1551 1728 ex
1580 1671 1958 1728 multitudine
2012 1689 2151 1742 pro-

263 1763 601 1810 currentem
652 1749 969 1828 transjicit3
1022 1768 1143 1822 quo
1172 1749 1427 1825 percusso
1476 1765 1533 1808 et
1582 1753 1935 1823 exanimato,
1985 1751 2149 1808 hunc

260 1831 436 1892 scutis
460 1843 778 1910 protegunt
803 1828 1011 1898 hostes,
1033 1829 1167 1889 etin
1188 1831 1349 1889 illum
1372 1833 1619 1890 universi
1644 1835 1757 1891 tela
1780 1831 2104 1912 conjiciunt
2126 1854 2143 1895 ς
2216 1865 2218 1874 ·

263 1931 458 1987 neque
493 1913 640 1971 dant
656 1911 1036 1993 ‘regrediendi
1064 1910 1427 1972 facultatem.
1498 1910 1898 1993 Transfigitur
1926 1913 2149 1971 scutum

259 1994 534 2069 Pulfioni,
563 2008 620 2053 et
653 2006 925 2051 verutum
953 1996 1024 2051 in·
1045 1990 1239 2052 balteo
1270 1994 1564 2073 defigitur.
1654 1996 1891 2053 Avertit
1924 1994 2021 2052 hic
2053 2015 2143 2052 ca-

259 2076 352 2137 sus
375 2075 677 2157 vaginam,
708 2089 766 2133 et
793 2073 1061 2155 gladium
1086 2076 1331 2133 educere
1358 2077 1623 2134 conantis
1646 2076 1913 2135 dextram
1944 2094 2141 2135 mora-

257 2172 360 2219 tur
378 2176 646 2223 manum,
672 2156 1141 2231 impeditumque
1166 2156 1349 2215 hostes
1374 2156 1811 2215 circumsistunt.
1848 2156 2138 2216 Suet-‚urit

256 2242 529 2303 inimicus
561 2238 640 2297 illi
662 2238 950 2305 Varenus,
983 2253 1040 2297 et
1069 2239 1359 2297 laboranti
1387 2233 1670 2296 subvenitss
1762 2238 1865 2295 Ad
1890 2238 2061 2297 hunc
2082 2239 2133 2296 se

255 2322 562 2383 confestim
591 2340 627 2377 a
656 2318 918 2376 Pulfione
968 2320 1158 2377 omnis
1189 2320 1509 2377 multitudo
1552 2320 1861 2383 convertit.
1952 2320 2131 2377 Illum

253 2415 465 2463 veruto
493 2400 838 2459 transfixum
871 2400 1251 2461 arbitrantur.
1340 2397 1465 2458 Illic
1504 2418 1642 2458 vero
1670 2399 1935 2459 occursat
1968 2401 2133 2459 ocius

254 2482 478 2567 gladio,
527 2480 904 2554 cominusque
954 2500 1078 2538 rem
1124 2483 1277 2561 gerit
1308 2482 1614 2549 Varenus;
1664 2496 1842 2555 atque
1872 2500 1997 2539 uno
2048 2482 2131 2539 in-

252 2565 499 2639 terfecto
526 2562 778 2636 reliquos
808 2562 1068 2637 paullum
1103 2562 1392 2639 propellit.
1462 2564 1625 2621 Dum
1650 2562 1915 2636 cupidius
1940 2564 2129 2639 instat,

251 2647 314 2707 in
345 2648 542 2706 locum
570 2641 902 2701 inferiorem
935 2645 1185 2725 dejectus
1222 2646 1499 2703 concidit.
1585 2642 1750 2701 Huic
1796 2643 1987 2701 rursus
2020 2644 2129 2702 cir-

248 2739 568 2790 cumvento
594 2724 712 2783 fert
739 2724 1048 2783 subsidium
1081 2724 1303 2794 Pulfio;
1354 2740 1531 2800 atque
1578 2727 1757 2781 ambo
1788 2725 2125 2799 incolumes,

133 2798 148 2821 '
247 2806 650 2887 compluribus
679 2804 1007 2875 interfectis,
1047 2806 1277 2864 summa
1304 2826 1440 2865 cum
1472 2806 1644 2866 laude
1672 2805 1783 2863 sese
1810 2807 1966 2865 intra
1994 2826 2123 2867 mu·

245 2892 497 2953 uitiones
526 2887 834 2964 recipiunt.
918 2888 1010 2947 Sic
1038 2887 1279 2946 fortuna
1309 2888 1367 2946 in
1409 2887 1806 2957 contentione,
1855 2901 1911 2947 et
1940 2904 2125 2947 certa-

193 2986 210 2994 “
249 2990 391 3033 men
431 2985 762 3045 utrumque
809 2970 1075 3039 versavit,
1123 2984 1189 3027 ut
1238 2970 1385 3027 alter
1431 2967 1599 3027 alteri
1646 2970 1917 3027 inimicus
1960 2972 2120 3029 auxi·

245 3053 330 3115 lio
343 3051 643 3125 salutique
671 3048 842 3120 effen
892 3068 1080 3125 neque
1109 3051 1447 3131 disJudicari
1476 3046 1675 3127 poffet,
1707 3062 1839 3107 uter
1864 3050 1983 3107 utri
2012 3050 2117 3109 vir·

173 3185 187 3209 ,-
244 3146 378 3201 tute
405 3132 819 3195 anteferendus
850 3132 1167 3191 videretur.

1272 3170 1295 3193 N

326 3217 526 3279 XLV.
570 3214 816 3296 Qanto
847 3225 970 3273 erat
1002 3213 1060 3271 in
1091 3213 1211 3271 dies
1242 3214 1481 3295 gravior
1527 3229 1707 3302 atque
1734 3211 1984 3286 asperior
2011 3232 2115 3290 op.

240 3297 553 3383 pugnatiO‚
603 3312 662 3355 et
692 3294 946 3355 maxitne
975 3294 1158 3369 qued,
1212 3314 1425 3372 magna
1478 3311 1643 3369 parte
1673 3292 1929 3353 militum
1975 3312 2113 3351 con.

239 3382 392 3443 fessa
417 3378 776 3443 vulneribus.
819 3396 908 3435 res
939 3376 1014 3434 ad
1047 3374 1409 3449 paucitatem
1440 3374 1808 3435 defensorum
1839 3393 2107 3448 pervene-

237 3475 370 3531 ταῖς
419 3476 586 3521 tanto
614 3460 930 3518 crebriores
973 3457 1148 3515 literae
1199 3456 1515 3531 nunciique
1562 3457 1636 3514 ad
1668 3456 1949 3515 Caesarem
1976 3457 2105 3514 mit·

235 3538 551 3627 “bautlii-x
603 3554 859 3617 quorum
889 3554 1024 3615 pars
1054 3536 1415 3619 deprebensa
1454 3536 1515 3599 iu
1544 3536 1847 3614 conspectu
1892 3535 2103 3595 nostro·

1985 3634 2110 3677 rum

1005 3812 1055 3863 0
