2250 3900
641 153 1239 251 LIBnR
1361 151 1655 230 Vim„
1920 169 2051 248 173ἶ

123 325 434 402 amicique
463 323 730 399 Pompeii
759 319 1211 392 intercesserunt,
1258 331 1461 396 atque,
1510 317 1597 378 ita
1640 331 1768 377 rem
1813 313 2033 402 modeq

133 410 354 475 rande,
401 405 786 466 discesserunt.

217 489 402 547 [ΠΙ.
447 489 746 566 Magnum
767 485 880 544 hoc
900 484 1296 572 testimonium
1328 483 1575 544 Senatus
1602 493 1729 542 erat
1746 477 2029 550 univerfi,

131 569 605 643 conveniensque
651 567 926 643 superiori
954 567 1129 630 sacto.
1212 565 1371 625 Nam
1398 564 1716 625 Marcellus
1752 561 2025 640 proximo

139 669 320 718 anno,
349 669 534 724 quum
558 650 935 728 impugnaret
952 647 1188 708 Caesaris
1210 647 1581 728 dignitatem,
1606 658 1815 704 contra
1832 643 2028 726 legem.

137 729 408 806 Pompeii
441 745 498 788 et
526 729 726 796 Craffi,
757 729 1036 788 retulerat
1063 744 1200 788 ante
1230 744 1458 804 tempus
1485 729 1565 787 ad
1594 726 1903 795 Senatum,
1947 725 2027 783 de

133 812 396 869 Caesaris·
429 811 762 888 provinciis,
809 810 1218 884 sententiisque
1260 810 1443 878 diclis,
1494 806 1887 868 disceffionem
1933 805 2031 865 fa-

129 895 330 952 ciente
367 893 674 960 Marcelle,
724 891 826 968 qui
858 891 955 950 fibi
985 886 1223 952 ornnem
1268 891 1622 986 dignitatem
1666 909 1739 948 ex
1786 886 2029 948 Caesaris

128 974 366 1031 invidia
394 978 708 1048 quaerebat,
741 973 988 1030 Senatus
1015 971 1291 1048 frequens
1320 991 1381 1030 m
1410 971 1525 1030 alia
1551 971 1753 1030 omnia
1778 966 2030 1028 transiit.

128 1057 370 1132 Quibus
399 1075 518 1112 non
548 1053 974 1134 frangebantur
1001 1054 1187 1112 animi
1216 1053 1593 1112 inimicorum
1621 1049 1877 1127 Caessris,
1920 1049 2033 1126 sed!

121 1137 628 1202 admonebantur,
662 1154 782 1208 quo
813 1138 1062 1212 majores
1091 1147 1367 1212 pararent
1395 1131 1855 1204 neceffitudInes,
1885 1131 2024 1206 qui-

127 1218 248 1275 bus
274 1219 408 1295 cogi
433 1214 610 1292 posset
635 1216 882 1278 Senatus
905 1217 964 1274 id
985 1218 1256 1290 probare,
1286 1215 1447 1291 quod
1467 1215 1569 1291 ipfi
1593 1209 2029 1274 constituissent·

224 1298 402 1357 LIV.
436 1297 528 1354 Fit
551 1298 762 1356 deinde
783 1295 1363 1374 senatusconsultum,
1384 1311 1451 1356 ut
1469 1298 1547 1356 ad
1566 1295 1780 1356 bellum
1800 1293 2031 1354 Parthi-

133 1397 282 1436 cum
313 1377 472 1459 legio
501 1397 619 1436 una
647 1397 684 1436 a
713 1379 824 1438 Cn.
857 1377 1159 1454 Pompeio,
1204 1380 1387 1438 altera
1415 1399 1452 1437 a
1480 1378 1549 1438 C.
1579 1378 1803 1438 Caesare
1831 1376 2039 1450 mitte—¹

131 1474 368 1516 rentur.
453 1458 662 1535 Neque
709 1459 956 1517 obscure·
977 1460 1064 1516 hae
1093 1461 1221 1518 duae
1250 1461 1509 1540 legiones
1551 1459 1656 1518 uni
1684 1456 1894 1516 Caesari
1923 1455 2029 1515 de.

136 1541 486 1600 trahuntur.
549 1541 704 1598 Nam
732 1542 844 1598 Cn.
875 1541 1188 1616 Pompeias
1216 1542 1511 1622 legionem
1534 1539 1813 1616 primam,
1844 1555 2032 1616 quam

138 1623 220 1680 ad
251 1621 540 1679 Caesarem
571 1621 822 1696 miserat„
845 1621 1173 1680 confectam
1203 1641 1269 1678 ex
1300 1621 1521 1682 delectu
1542 1621 1873 1698 provinciae‚
1900 1620 2032 1680 Cae.

136 1702 252 1762 sari
285 1721 418 1762 eam
448 1715 734 1774 tanquam
767 1723 832 1760 ex
869 1703 972 1760 suo
1021 1722 1263 1761 numero
1297 1703 1479 1762 dedit.
1563 1701 1753 1762 Caesar
1800 1715 2031 1772 autem,
2140 1765 2143 1770 ,

131 1802 333 1856 quum
377 1781 450 1840 cle
480 1784 783 1840 voluntate
831 1781 1289 1844 adrersariorum
1318 1784 1538 1844 nemini
1580 1785 1827 1844 dubium
1868 1781 2027 1861 effet,

139 1865 261 1925 Cn.
294 1864 572 1938 Pompeio
623 1860 913 1941 legionem
963 1863 1201 1933 remisit,
1253 1879 1311 1924 et
1358 1887 1425 1924 ex
1476 1867 1577 1924 suo
1625 1883 1875 1924 numero
1916 1883 2033 1936 xv,

135 1964 332 2023 quam
363 1945 422 2003 in
453 1943 650 2003 Gallia
678 1946 948 2006 citeriore
974 1946 1284 2015 habuerat,
1333 1968 1402 2007 ex
1430 1945 1917 2007 senatusconsulto
1936 1947 2033 2026 jus

139 2030 245 2086 bet
275 2026 508 2084 transdi.
607 2027 671 2084 ln
705 2029 824 2103 ejus
855 2031 1049 2087 locum
1085 2048 1201 2085 χιιι
1231 2028 1525 2109 legionem
1548 2030 1608 2088 in
1634 2030 1870 2089 Italiam
1898 2029 2039 2088 mit-

141 2110 242 2175 tit,
274 2126 404 2183 quae
435 2094 692 2183 praefidia
723 2123 1002 2184 tueretur,
1030 2128 1098 2167 ex
1128 2110 1339 2184 quibus
1366 2111 1639 2185 praefidiis
1668 2130 1743 2167 xv
1772 2110 2033 2179 deduce-

38 2214 41 2227 *
143 2193 357 2248 batur:
411 2190 524 2263 ipse
555 2190 870 2249 exercitum
902 2192 1186 2249 distribuit
1214 2209 1317 2265 per
1367 2191 1643 2259 hiberna3
1700 2190 1772 2253 C.
1798 2190 2033 2248 Trebo-

144 2271 319 2332 nium
345 2288 482 2329 cum
508 2270 836 2350 legionibus
890 2292 951 2331 nv
1001 2273 1058 2329 in
1093 2270 1303 2351 Belgio
1344 2272 1627 2341 collocat3
1676 2271 1747 2333 C.
1778 2270 2035 2332 Fabium

145 2370 287 2411 cum
340 2352 586 2409 totidem
616 2352 676 2409 in
705 2352 937 2411 AEduos
988 2352 1248 2413 deducit.
1334 2352 1429 2411 Sic
1480 2352 1636 2413 enim
1667 2352 2033 2413 existimabat

145 2430 487 2509 tutiffimam
515 2432 640 2493 fore
673 2432 952 2501 Galliam,
1005 2432 1046 2490 fi
1079 2434 1295 2515 Belgae,
1333 2452 1589 2510 quorum
1620 2435 1881 2493 maxima
1907 2431 2033 2494 vir-

147 2528 284 2593 tus-3
317 2529 372 2572 et
401 2512 612 2581 AEdui,
635 2532 882 2587 quorum
910 2515 1222 2575 auctoritas
1250 2516 1477 2575 summa
1505 2512 1659 2587 effet,
1680 2514 2031 2577 exercitibus

150 2608 609 2653 continerentur.
1874 2656 1887 2672 .

235 2675 364 2739 LV.
409 2675 535 2751 Ipse
565 2676 624 2733 in
657 2675 884 2737 Italiam
915 2677 1203 2753 profectus
1234 2676 1330 2737 est.
1388 2680 1530 2762 Qu
1556 2698 1749 2755 quum
1771 2678 2034 2751 veniffet.

147 2756 467 2837 cognoscit,
516 2775 618 2833 per
647 2758 718 2817 C.
753 2757 1105 2818 Marcellum
1135 2760 1428 2820 consulem
1462 2764 1721 2842 legiones
1776 2782 1823 2819 11
1872 2764 1947 2819 ab
1973 2762 2034 2823 sc

154 2829 424 2911 remissa,
472 2858 598 2913 quae
628 2858 694 2897 ex
723 2839 1211 2900 senatusconsulto
1260 2843 1538 2901 deberent
1580 2845 1655 2901 ad
1688 2842 2037 2903 Parthicum

154 2920 372 2978 bellum
402 2920 558 2989 duci,
585 2920 704 2979 Cn.
735 2920 1017 2999 Pompeio
1047 2922 1378 2992 transditar»,
1426 2937 1605 2997 atque
1632 2922 1696 2983 in
1728 2923 1901 2982 Italia
1941 2943 2037 2982 re-

153 3014 346 3060 tentas
373 3000 498 3059 effe.
572 2998 724 3057 ·Hoc
773 3001 945 3071 facio,
997 3022 1368 3079 quamquam
1404 3006 1549 3065 nulli
1590 3018 1716 3067 erat
1763 3006 2037 3086 dubium,

161 3100 310 3160 quin
357 3100 522 3139 arma
569 3096 778 3141 contra
823 3084 1110 3145 Caesarem'
1158 3100 1537 3160 pararentur3
1595 3100 1797 3159 tamen
1844 3088 2038 3161 Caesar

161 3161 364 3219 omnia
387 3164 662 3242 patienda
687 3160 792 3221 effe
817 3164 1030 3240 statuit,
1053 3168 1253 3240 quoad
1274 3167 1372 3225 fibi
1391 3170 1516 3244 spes
1534 3170 1733 3245 aliqua
1755 3170 2047 3247 relinque,
2070 3190 2074 3194 ’

155 3244 472 3325 re,turjure
501 3245 696 3325 potius
729 3246 1112 3325 disceptandi,
1156 3264 1338 3325 quam
1366 3248 1503 3314 beni
1528 3252 1792 3336 gerendi.

969 3406 1074 3493 1³3
1604 3412 1684 3495 C·
1740 3394 2061 3501 JUI-IZ'
