2250 3900
617 114 1215 241 LlrssnR
1334 114 1448 175 vi.
1719 132 1981 193 ·-109

77 302 188 341 mo
215 280 340 343 ἐπε
367 298 492 344 rem
519 281 880 347 discriminet
931 278 1089 357 capit
1118 297 1285 337 arma
1315 298 1348 337 a
1380 276 1676 353 proximis,
1707 292 1887 352 atque
1916 280 1978 339 in

71 378 269 441 porta
285 361 568 423 'consistin
653 365 995 441 Sequuntur
1025 364 1178 420 hunc
1217 361 1585 419 centuriones
1615 361 1737 433 eius
1769 362 1978 417 cohor·

76 448 186 513 tis,
243 466 382 521 quae
429 434 488 505 in
533 444 772 503 statione
821 458 962 502 erat.
1053 440 1365 519 paullisper
1419 442 1687 517 proelium
1719 460 1835 499 una
1870 440 1981 499 sus-

77 528 312 585 tinent.
403 527 704 601 Relinquit
727 528 952 586 animus
975 524 1259 589 Sextium,
1288 524 1565 603 gravibus
1588 522 1839 597 acceptis
1864 524 1989 583 vul-

77 611 366 670 neribus:
421 627 570 689 aegre
601 628 704 683 per
733 626 943 665 manus
974 609 1211 673 tractuS,
1258 603 1539 668 servatur.
1629 602 1764 661 Hoc
1796 604 1983 679 spatio

77 689 468 765 interposito,
519 688 724 761 reliqui
753 688 864 745 sese
893 686 1244 749 confirmant
1261 706 1280 754 ς
1332 698 1576 744 tanturn
1602 698 1667 743 ut
1698 686 1757 742 in
1787 687 1987 743 muni-

74 772 357 829 tionibus
387 769 687 829 conlistere
717 770 993 847 audeant,
1039 768 1407 845 speciemque
1440 764 1809 827 defensorum
1840 787 1989 843 prae.

73 855 299 917 beant.
454 886 462 907 1
1187 873 1225 901 s·

161 930 487 993 XXXIX.
534 931 795 997 Interim,
827 928 1088 989 confecia
1115 928 1597 1005 frumentatione,
1626 930 1837 989 milites
1862 928 1989 990 nos-

70 1015 149 1073 tri
184 1016 526 1073 clamorem
555 1014 902 1086 exaudiunt,
941 1024 1302 1087 praecurrunt
1330 1012 1609 1087 equitesv
1638 1028 1864 1087 quanto
1893 1030 1989 1072 res

67 1096 138 1155 fit
175 1116 244 1153 m
283 1094 567 1170 periculo,
617 1084 1000 1175 cognoscunt.
1088 1091 1207 1151 Hic
1236 1110 1377 1169 vero
1406 1090 1568 1151 nulla
1598 1094 1849 1153 munitio
1878 1094 1985 1173 est,

70 1196 216 1252 quae
281 1177 622 1253 perterritos
661 1176 922 1252 recipiat.
1007 1172 1199 1233 Modo
1246 1173 1575 1253 conscripti,
1626 1190 1807 1249 atque
1853 1177 1988 1233 usus

71 1259 370 1321 militaris
399 1257 696 1331 imperiti,
747 1257 821 1316 ad
851 1258 1157 1321 tribunum
1198 1256 1454 1314 militum
1502 1258 1987 1331 centurionesque

71 1360 187 1397 ora
219 1353 619 1397 convertuntz
653 1339 797 1413 quid
825 1340 900 1396 ab
925 1338 1010 1395 liis
1033 1338 1407 1413 praecipiatis.=
1454 1336 1797 1411 exspefiant.
1864 1336 1987 1397 Ne..

75 1440 184 1479 mo
218 1419 314 1479 est
342 1436 466 1477 tam
496 1419 684 1487 fortiS,
715 1420 860 1494 quin
890 1419 970 1476 rei
1001 1419 1261 1477 novitate
1286 1422 1678 1495 perturbetur.
1768 1420 1985 1478 Barba-

75 1504 150 1567 ri,
211 1500 391 1581 signa
441 1502 644 1577 procul
676 1497 1008 1575 conspicati,
1061 1501 1135 1557 ab
1178 1501 1621 1581 oppugnatione
1670 1500 2003 1573 desistuntg,

73 1580 301 1641 rediffe
332 1582 524 1657 primo
573 1582 830 1663 legiones
875 1582 1146 1648 credunt,
1198 1598 1344 1654 quas
1396 1581 1639 1663 longius·
1679 1580 1987 1651 diiceffiffe,

77 1686 151 1722 ex
185 1664 452 1737 captivis
479 1676 904 1742 cognoverant.
990 1660 1211 1736 Postea,
1264 1662 1522 1737 despecta
1548 1664 1865 1741 paucitate,
1915 1684 1989 1725 ex

77 1746 386 1807 omnibus
415 1746 673 1820 partibus
705 1746 990 1819 impetum
1022 1740 1274 1803 fachint.

165 1826 322 1885 XL,
369 1827 620 1884 Calones
643 1829 702 1883 in
725 1826 1062 1901 proximum
1085 1826 1377 1885 tumulum
1404 1839 1779 1901 procurrunt.
1824 1826 1993 1887 Hine

73 1908 366 1968 celeriter
395 1908 595 1985 dejecii
645 1907 699 1966 se
729 1911 789 1966 in
819 1908 980 1986 signa
1023 1908 1465 1985 manipulosque
1511 1908 1865 1988 conjiciunt:
1917 1928 1989 1970 eo

75 1991 290 2071 magis
321 1990 562 2048 timidos
594 2005 915 2064 perterrent
963 1988 1192 2048 milites·
1280 1989 1427 2064 Alii,
1474 2009 1665 2048 cuneo
1717 1989 1870 2048 sueto
1920 2004 1993 2051 ut

75 2073 371 2132 celeriter
400 2085 808 2146 perrumpant,
860 2073 1124 2130 censent:
1178 2073 1460 2146 quoniam
1501 2083 1623 2129 tam
1656 2075 1993 2148 propinqua.

77 2155 198 2212 sint
233 2153 456 2212 castra:
509 2153 607 2220 etsi
642 2173 772 2226 pars
801 2154 997 2227 aliqua
1027 2156 1430 2232 circumventa
1462 2153 1757 2219 ceciderit,
1802 2169 1863 2210 at
1896 2173 1991 2212 re-

77 2237 292 2310 liquos
324 2234 536 2296 servari
567 2231 718 2310 posse
749 2235 1084 2294 confidunt:
1138 2235 1257 2302 alii,
1304 2247 1364 2292 ut
1392 2233 1453 2291 in
1474 2235 1625 2314 jugo
1654 2231 1987 2304 consistant,

77 2317 586 2389 atque-eundem
635 2335 838 2374 ornnes
887 2315 1080 2375 serant
1116 2315 1333 2373 casum.
1422 2313 1561 2373 Hoc
1612 2329 1833 2374 veteres
1863 2305 1988 2377 noll

77 2401 360 2474 probant
389 2397 622 2464 milites,
654 2417 802 2472 quos
830 2395 934 2456 sub
957 2398 1165 2456 vexillo
1190 2417 1307 2454 una
1337 2393 1621 2472 profestos
1652 2399 1986 2458 docuimus-

79 2477 362 2554 ltaque,'
390 2479 542 2560 inter
570 2478 624 2536 se
653 2480 966 2544 cohortati,
1020 2483 1171 2538 duce
1200 2477 1269 2536 C.
1301 2477 1603 2538 Trebonio
1634 2485 1829 2555 equite
1867 2481 1989 2540 Ro.
2042 2527 2055 2535 ,

77 2579 298 2628 mann,
333 2559 435 2634 qui
467 2559 546 2636 eis
575 2572 698 2618 erat
727 2560 1082 2637 praepositus‚
1115 2580 1218 2636 per
1248 2561 1470 2618 medios
1502 2561 1689 2620 hostes
1721 2581 1987 2638 perrum-

75 2656 262 2717 punt,
293 2640 731 2715 incolumesque
761 2641 837 2700 ad
866 2661 1046 2702 unum
1079 2643 1139 2698 in
1167 2641 1349 2699 castra
1379 2645 1727 2717 perveniunt
1754 2664 1988 2704 omnes.

82 2723 228 2781 Hos
257 2722 546 2781 subsetuti
577 2743 610 2797 c
649 2724 808 2782 lones
827 2716 1185 2798 equitesque,
1219 2723 1705 2800 eodem'i'mpetu‚.
1730 2725 1989 2786 militum

77 2806 318 2862 virtute
348 2803 617 2862 ser-vantu
655 2846 669 2861 .
757 2807 838 2864 At
867 2806 925 2881 ii,
973 2806 1076 2892 qui
1109 2807 1167 2862 in
1196 2805 1345 2884 jugo
1374 2805 1771 2875 constiterant,
1820 2809 1985 2865 nullo

75 2887 276 2944 etiam
303 2899 464 2944 nunc
495 2885 597 2943 usu
619 2884 700 2942 rei
724 2886 990 2946 militaris
1025 2886 1366 2966 (percepto)
1396 2905 1587 2960 neque
1610 2887 1671 2946 in
1702 2906 1790 2962 e0,
1820 2887 1989 2964 quod

78 2969 517 3041 probaverant,
545 2965 1184 3044 consiliopermanere,
1225 2983 1291 3026 ut
1320 2967 1373 3028 se
1400 2969 1531 3026 loco
1559 2967 1852 3044 superiore
1881 2971 1987 3032 de-

76 3048 430 3114 fenderent,
462 3067 650 3122 neque
680 3067 831 3118 earn,
864 3067 1045 3124 quarn
1078 3047 1348 3125 profuisse
1377 3050 1502 3108 aliis
1531 3050 1677 3122 vim,
1718 3051 1984 3113 celerita-

78 3143 340 3204 temque
368 3129 660 3198 viderant,
692 3129 908 3188 imitari
940 3144 1257 3206 potuerunt
1280 3153 1297 3201 ς
1327 3131 1422 3190 sed
1444 3131 1519 3210 se,
1551 3132 1609 3192 in
1630 3133 1814 3194 casira
1834 3135 1985 3194 reci·

77 3231 228 3286 pere
257 3209 482 3286 conati,
511 3211 774 3284 iniquum
797 3211 1078 3272 inlocum
1107 3213 1481 3284 demiserunt.
1566 3217 1983 3286 Centuriones,

77 3309 354 3365 quorum
383 3295 629 3350 nonnuli
661 3313 728 3351 ex
760 3292 1129 3354 inferioribus
1158 3294 1456 3354 ordinibus
1504 3297 1868 3370 reliquarum
1897 3298 1982 3356 lc-

78 3377 346 3452 gionum
373 3373 568 3448 causa,
596 3374 850 3445 virtutis,
899 3377 959 3434 in
988 3376 1309 3452 superiores
1344 3392 1512 3438 erant
1540 3379 1775 3438 ordines
1804 3379 2007 3457 hujus'

77 3456 342 3536 legionis
372 3455 705 3524 transetum,
757 3477 831 3518 ne
870 3445 1242 3536 ante'partam
1291 3458 1372 3518 rei
1420 3459 1690 3520 militaris
1738 3461 1982 3522 laudem

77 3538 453 3607 amitterent,
499 3534 801 3598 fortiffin'ie
849 3555 1182 3622 pugnantes
1222 3539 1629 3600 conciderunt.
1712 3539 1981 3602 Militum

77 3638 240 3703 pars,
291 3619 515 3682 horum
542 3618 762 3684 virtute
789 3621 1098 3764 summatis
1125 3621 1405 3700 hostibus,
1452 3629 1661 3702 praeter
1702 3615 1859 3762 spefn
1894 3622 1981 3712 in-

937 3767 945 3779 K
1342 3723 1355 3740 ·
1726 3719 1801 3764 co
1827 3718 1969 3774 umis

1672 3823 1699 3847 Ι
