2250 3900
540 90 661 155 m:
698 64 993 153 nuno
1038 89 1262 155 mse.
1308 88 1592 155 LfflER.
1903 106 2015 175 ³71

122 250 324 319 'sarem
372 254 503 333 else,
551 254 851 331 fidemque
900 254 1327 333 praestaturum.
1413 252 1508 313 Ita
1555 264 1692 315 ante
1749 251 1907 313 die'm
1958 274 2028 317 ιι

138 338 394 399 Kalend.
428 337 661 405 Martii,
692 336 912 413 oppido
942 336 1179 411 potitus,
1211 336 1538 411 Imperator
1553 335 1645 394 est
1673 334 2021 413 appellatus.

214 416 357 479 XX.
404 418 484 485 Et
515 416 848 495 Pompeius,
897 437 966 475 ex
996 416 1258 497 perfugis
1290 433 1480 491 quum
1521 416 1884 477 deditionem
1911 435 2020 493 opz.

130 500 254 577 pidi
284 498 505 573 saetam*
524 498 629 557 effe
656 497 851 567 sciffet,
883 498 1067 557 castra
1098 498 1282 557 movit
1315 496 1573 556 Ucubim
1604 499 1820 558 versus.
1903 498 2027 559 Sed

132 580 359 641 circum
388 600 455 641 ea
484 582 612 639 loca
641 580 871 639 castella
898 578 1196 657 disposuit,
1245 592 1303 637 et
1344 578 1765 651 munitionibus
1793 581 1848 640 se
1877 597 2022 639 con-

138 663 323 721 tinere
352 662 545 737 coepit.
629 660 815 721 Coesar
842 661 1055 727 movit,
1087 675 1144 719 et
1173 660 1412 736 propius
1441 658 1624 719 castra
1655 660 1850 721 castris
1878 679 2024 723 con·

134 742 295 805 tulit.
379 739 605 803 Eodem
655 756 920 817 tempore
968 760 1144 801 mane
1191 740 1470 799 loricatus
1511 756 1662 799 unus
1695 762 1760 801 ex
1792 742 2028 835 legione

133 825 451 885 vernacula
480 825 556 882 ad
585 842 689 881 nos
721 820 1043 903 transfugit
1090 835 1151 881 et
1181 821 1505 891 nunciavit,
1540 822 1882 897 Pompeium
1903 842 2027 906 ‘op-

133 906 381 981 pidanos
413 904 745 964 Ucubenses
774 900 1130 971 convocasse,
1160 903 1343 977 iisque
1369 902 1748 979 imperavisse,
1797 918 1884 982 ut,
1933 903 2025 963 di.

130 986 372 1066 ligentia
420 986 705 1054 adhibita,
752 986 1182 1061 perquirerent,
1233 984 1336 1058 qui
1388 983 1562 1043 effent
1600 983 1836 1045 suarum
1885 1004 2023 1061 par·

130 1069 303 1136 tium,
361 1068 620 1142 itemque
668 1066 1132 1146 adversariorum
1189 1065 1435 1125 vietoriae
1490 1064 1772 1125 fautores.
1879 1066 2025 1127 Hoc·

132 1148 427 1225 praeterito
456 1163 745 1224 tempore,
794 1148 855 1205 in
883 1148 1124 1223 oppido,
1177 1147 1338 1219 quod
1377 1144 1490 1205 fuit
1521 1162 1781 1224 captum,
1828 1148 2022 1209 servus

140 1228 217 1287 est
251 1228 561 1305 prehensus
591 1228 653 1287 in
678 1228 974 1296 cuniculo,
1024 1246 1205 1301 quem
1253 1226 1424 1303 supra
1474 1227 2024 1299 demonstravimus,

138 1310 449 1371 dominum
474 1308 781 1391 juguialse.
856 1310 915 1367 Is
937 1308 1103 1367 vivus
1126 1308 1206 1367 est
1232 1306 1586 1388 combustus.
1676 1310 2025 1387 Eodemque

138 1406 407 1469 tempore
436 1391 802 1451 centuriones
828 1390 1056 1449 loricati
1109 1408 1199 1447 ιιι
1249 1391 1325 1447 ad
1355 1390 1635 1449 Caesarem
1690 1390 2026 1473 transfuge-

136 1486 280 1531 runt
310 1494 379 1533 ex
410 1472 637 1553 legione
664 1472 1005 1537 vernacula,
1044 1485 1103 1530 et
1131 1472 1354 1547 equites
1383 1472 1558 1529 nostri
1587 1488 1724 1543 cum
1753 1474 2028 1551 adversaq-

134 1553 365 1620 riorum
395 1554 685 1629 equitibus
712 1551 993 1634 congr-effi
1020 1553 1174 1631 sunt,
1225 1566 1282 1613 et
1325 1552 1506 1617 saucii
1536 1554 1762 1629 aliquot
1790 1557 2024 1615 occide·

138 1650 282 1694 runt
332 1654 401 1694 ex
434 1636 545 1693 levi
573 1648 895 1695 armatura.
982 1632 1072 1693 Ea
1122 1636 1288 1693 nodie
1325 1633 1710 1708 speculatores
1759 1634 2024 1713 prebenfl

134 1716 286 1776 servi
339 1736 441 1783 m,
492 1730 549 1775 et
599 1734 749 1776 unus
780 1736 845 1774 ex
876 1714 1108 1796 legione
1149 1716 1484 1775 vernacula.
1571 1716 1734 1778 Servi
1781 1718 1913 1779 sunt
1959 1718 2026 1781 in

132 1816 377 1856 trucem
410 1796 638 1867 sublati,
682 1798 963 1855 militibus
996 1797 1250 1855 cervices
1279 1795 1536 1856 absciffae.

216 1878 392 1936 XXI.
441 1878 673 1938 Postero
695 1880 809 1947 die,
842 1879 1064 1955 equites
1086 1897 1224 1936 curn
1253 1877 1364 1937 levi
1395 1892 1697 1939 armatura
1727 1901 1793 1939 ex
1817 1881 2023 1941 adver·-

137 1959 425 2020 sariorum
446 1961 642 2019 castris
665 1963 740 2019 ad
764 1980 869 2019 nos
902 1946 1367 2042 transfugerunt.
1419 1961 1521 2021 -Et
1541 1982 1610 2020 eo
1632 1976 1894 2040 tempore
1917 1963 2024 2024 cir-

134 2043 287 2100 citer
317 2061 377 2098 xr
411 2043 635 2117 equites
666 2043 741 2100 ad
772 2055 1085 2116 aquatores
1106 2041 1330 2100 nostros
1359 2061 1845 2104 excucurrerunt:
1880 2063 2025 2106 non-

132 2124 329 2184 nullos
353 2119 789 2198 interfecerunt,
818 2125 961 2182 item
990 2123 1134 2180 alios
1163 2123 1327 2182 vivos
1357 2124 1746 2186 adduxerunt.
1833 2125 1922 2185 Ex
1949 2147 2014 2186 e-

141 2205 403 2280 quitibus
426 2209 578 2280 capti
603 2205 735 2263 sunt
756 2205 977 2278 equites
1004 2223 1118 2263 ux.
1203 2205 1536 2280 Insequenti
1560 2207 1674 2282 die,
1707 2206 2020 2284 Pompeius

136 2287 320 2344 securi
354 2285 614 2360 percuffit
646 2286 911 2344 homines
944 2301 1155 2361 xxxxv,
1185 2287 1285 2359 qui
1317 2288 1660 2346 dicebantur
1689 2286 1790 2345 esse
1820 2284 2021 2350 fauto-

138 2385 233 2425 res
263 2365 513 2426 Caesaris·
543 2367 809 2426 vicioriae.
897 2367 1178 2442 Reliquos
1208 2368 1267 2424 in
1295 2368 1581 2443 oppidum
1602 2367 1758 2446 juffit
1788 2369 2024 2444 deduci,
2065 2421 2070 2426 .

136 2467 207 2507 ex
240 2449 450 2522 quibus
482 2446 803 2528 effugerent
834 2466 965 2516 cxx,
1010 2461 1068 2505 et
1096 2449 1172 2506 ad
1203 2448 1481 2508 Caesarem
1510 2464 1815 2510 venerunt.

220 2526 429 2587 xxu.
478 2527 613 2586 Hoc
644 2529 934 2603 praeterito
966 2541 1254 2604 tempore,
1303 2530 1406 2604 qui
1444 2530 1502 2587 in
1533 2533 1751 2606 oppido
1783 2535 2026 2614 Ategua

134 2607 583 2671 Bursavolenses
612 2611 770 2686 capti
796 2609 948 2684 sunt,
992 2611 1172 2689 legati
1201 2609 1440 2685 profecti
1467 2611 1602 2673 sunt
1629 2632 1766 2672 cum
1795 2617 2021 2694 nostris,

134 2693 227 2750 uti
256 2709 381 2750 rem
410 2692 631 2772 gestam
663 2688 1172 2750 Bursavolenfibus
1202 2689 1520 2762 (εἰει-τεοῖς
1555 2695 1697 2766 quid
1726 2697 2022 2771 sperarent

133 2772 210 2832 de
240 2772 354 2831 Cu.
388 2772 687 2848 Pompei0,
732 2789 917 2848 quum
947 2773 1212 2830 viderent
1261 2772 1511 2846 hospites
1543 2775 1825 2854 jugulari,
1875 2795 2022 2852 prae.

136 2869 304 2913 terea
358 2851 543 2912 multa
571 2852 783 2912 scelera
810 2855 885 2912 ab
914 2853 980 2911 iis
1009 2853 1156 2921 fieri,
1202 2853 1304 2928 qui
1335 2851 1572 2927 praefidii
1615 2855 1784 2916 causa
1811 2859 1885 2916 ab
1925 2857 2028 2918 'his

138 2934 560 3010 reciperentur.
642 2933 767 3013 Qi
809 2951 997 3010 quum
1043 2936 1123 2992 ad
1159 2935 1447 3010 oppidum
1476 2935 1774 3012 venissent,
1821 2937 2022 3011 nostri,

140 3019 245 3090 qui
268 3013 495 3075 fuissent
510 3015 737 3090 equites
765 3011 1102 3100 Romanipt
1133 3015 1442 3086 senatores,
1473 3035 1593 3074 non
1621 3017 1751 3077 sunt
1783 3019 1900 3076 auli
1931 3019 2026 3080 in·

137 3097 322 3156 troire
352 3097 412 3156 in
443 3097 751 3172 oppidum,
786 3091 1174 3172 praeterquam
1203 3098 1305 3170 qui
1337 3099 1460 3177 ejus
1489 3097 1740 3156 civitatis
1769 3097 2022 3158 fuissent.

137 3180 421 3262 Qorum
468 3176 743 3254 respoufis
800 3175 955 3235 ultro
1013 3177 1281 3250 citroque
1334 3179 1588 3254 acceptis
1645 3194 1702 3238 et
1758 3180 2026 3252 redditis,

140 3277 329 3335 quum
352 3260 429 3316 ad
451 3259 672 3318 nostros
691 3258 747 3317 se
768 3260 1111 3336 reciperent,
1141 3261 1244 3332 qui
1273 3273 1435 3318 extra
1458 3261 1740 3337 oppidum
1771 3258 2026 3334 fuiffent,

141 3339 228 3400 illi
258 3339 333 3398 de
361 3339 621 3415 praefidio
649 3339 943 3410 insecutifl
960 3360 1026 3399 ex
1059 3339 1356 3399 aversione
1382 3341 1608 3421 legatos
1649 3345 2024 3424 jugularunt.

142 3420 291 3483 Duo
320 3421 547 3496 reliqui,
598 3421 697 3497 qui
729 3441 797 3478 ex
826 3422 905 3480 eis
932 3411 1268 3501 fugerunt?
1281 3421 1485 3480 Caesari
1517 3442 1640 3482 rem
1671 3427 1893 3506 gestam
1923 3421 2042 3499 ‹ie-p

140 3505 427 3578 tulerunt,
458 3514 523 3566 et·
542 3501 933 3580 speculatores
960 3505 1037 3568 ad
1066 3501 1352 3582 oppidum
1382 3503 1691 3587 Ateguam
1719 3507 2025 3568 miserunt.
2106 3503 2126 3528 ³

710 3613 748 3634 χ
1901 3587 2038 3671 Qi-
