2250 3900
251 119 372 184 ις»
630 105 773 169 DE
837 95 1787 172 BELLoGAL‘Ltco

241 267 520 332 Antonio
567 269 971 346 praestitiffentz
1020 262 1305 346 simulque
1337 271 1390 332 se
1416 285 1476 330 et
1523 271 1809 330 honorem
1838 267 2011 330 suum
2062 266 2127 327 in
2205 301 2206 306 κ

243 350 534 425 sequentis
565 355 701 410 anni
731 353 1173 411 commendaret
1226 356 1540 427 petitionez
1577 364 1903 428 propterca
1948 349 2123 423 quod
2205 357 2206 398 ἒ

241 429 553 492 insolenter
581 435 887 491 adversarii
905 433 997 491 'sui
1028 435 1440 515 gloriarentur,
1492 434 1565 490 L.
1600 433 1923 492 Lentulum
1951 445 2021 488 et-
2046 430 2120 488 C.
2205 427 2206 444 ³

239 511 612 572 Marcellum·
651 513 800 572 Cofl'.
861 530 1107 583 creatos,
1166 516 1267 588 qui
1322 515 1487 574 omni
1536 515 1758 573 honore
1813 527 1867 568 et
1914 510 2120 592 digni·
2205 553 2206 574 i

237 605 361 650 tate
391 595 674 654 Caesarem
724 594 1122 673 exspoliarent,
1172 611 1439 672 ereptum
1482 595 1687 674 Sergio
1717 593 1921 652 Galbae
1966 611 2123 650 con·
2205 645 2206 668 ἲ

233 673 514 748 sulatum,
561 695 747 750 quum
779 677 823 733 is
855 677 1044 736 multo
1079 677 1208 754 plus
1257 678 1448 757 gratia
1475 675 1873 755 suffragiisque
1904 672 2121 731 valuis-

235 755 340 822 set,
371 760 531 832 quod
565 757 662 814 fibi
691 763 1030 840 conjunctus
1061 773 1120 817 et
1147 757 1567 830 familiaritate,
1618 772 1675 816 et
1703 753 2121 814 neceffitudine
2205 749 2206 798 ἶ

231 837 542 920 legationis
572 837 722 898 effet.

317 919 427 978 Ll.
474 919 769 996 Exceptus
801 919 878 981 est
905 921 1141 984 caeraris
1169 916 1464 982 adventus
1502 922 1578 982 ab
1616 919 1885 982 omnibus
1911 914 2117 977 muni·
2205 963 2206 988 ἒ

229 1000 398 1076 cipiis
443 1017 502 1063 et
533 1001 776 1060 coloniis
799 1002 1124 1061 incredibili
1153 1003 1374 1062 honore
1413 1017 1591 1078 atque
1640 1021 1861 1060 amore.
1940 997 2119 1056 Tum
2205 993 2206 1026 ³

230 1085 497 1159 primum
549 1085 700 1142 enim
749 1084 1018 1144 veniebat
1063 1085 1139 1142 ab
1197 1084 1307 1160 illo=
1343 1084 1619 1144 univcrsae
1668 1082 1879 1143 Galliae
1931 1079 2114 1138 bello.
2205 1093 2206 1098 ’

233 1161 400 1223 Nihil
429 1164 888 1238 relinquebatur,
937 1165 1102 1240 quod
1130 1167 1205 1223 ad
1236 1181 1514 1224 ornatum
1565 1176 1885 1242 portarum,
1932 1161 2113 1219 itine-

231 1263 367 1305 rum
395 1243 778 1320 locorumque
803 1247 1096 1315 omnium,
1132 1265 1250 1320 qua
1277 1247 1463 1306 Caesar
1494 1247 1681 1306 iturus
1710 1257 1854 1322 erat,
1882 1241 2119 1323 excogi-

231 1327 349 1386 tari
382 1323 582 1402 poffct.
667 1329 817 1388 Cum
846 1327 1036 1384 liberis
1065 1327 1258 1386 omnis
1286 1329 1602 1387 multitudo
1632 1327 1869 1385 obviam
1899 1343 2123 1401 proce-⁷

227 1410 433 1468 debat.
519 1407 736 1468 Hostiae
763 1408 1030 1468 omnibus
1057 1408 1200 1466 locis
1245 1409 1725 1468 immolabantur.
1806 1404 2109 1464 Tricliniis

229 1491 418 1550 stratis
446 1489 577 1549 fora
605 1491 941 1567 templaque
970 1492 1430 1567 occupabantur,
1481 1493 1567 1552 ut'
1588 1491 1679 1550 vel
1710 1485 2105 1564 exspectatiffi·

226 1573 308 1634 mi
338 1573 622 1648 triumphi
671 1573 866 1631 laetitia
893 1569 1124 1648 praecipi
1153 1569 1349 1648 poffet.
1434 1570 1635 1630 Tanta
1683 1583 1807 1630 erat
1834 1565 2109 1649 magnifi-

223 1654 424 1712 centia
451 1653 606 1726 apud
636 1653 1053 1728 opulentiores,
1093 1653 1382 1728 cupiditas
1412 1653 1567 1728 apud
1596 1651 1951 1712 humiliores·

230 1733 238 1742 ’
311 1731 460 1792 LII.
501 1733 714 1812 Qum
739 1751 944 1792 omnes
965 1731 1464 1814 regionesGalliae
1484 1731 1581 1794 To
1626 1748 1735 1793 atae
1763 1731 1953 1793 Caesar
1978 1749 2107 1808 per*-

223 1813 581 1891 cucurrjss'ct,
603 1816 830 1882 summa
851 1815 1145 1874 celeritate
1162 1816 1240 1876 ad
1264 1817 1579 1878 exercitum
1659 1829 2105 1876 emetocennam

223 1897 442 1969 scdiit3
471 1897 910 1979 legionibusque
937 1917 1004 1956 ex
1033 1899 1305 1957 omnibus
1334 1897 1587 1959 hibernis
1614 1899 1691 1958 ad
1719 1897 1863 1957 fines
1890 1894 2103 1956 Trevi-

219 1976 432 2039 rorhm
463 1978 739 2053 evocatis,
787 1999 856 2037 eo
886 1976 1173 2055 profeclus
1199 1978 1297 2057 est,
1322 1981 1521 2055 ibique
1549 1980 1865 2040 exercitum
1894 1977 2101 2035 lustra·

223 2064 334 2120 vit.
417 2060 498 2119 T.
529 2059 864 2120 Labienum
893 2060 1103 2121 Galliae
1132 2062 1381 2143 Togata
1432 2060 1703 2137 praefecit,
1751 2080 1876 2137 quo
1908 2060 2102 2137 majo-

221 2162 293 2205 re
339 2144 856 2204 commendatione
901 2143 1313 2205 conciliaretur
1362 2146 1438 2201 ad
1486 2143 1815 2204 consulatus
1870 2141 2100 2217 petitio·

220 2244 387 2286 nem.
475 2225 599 2299 Ipse
627 2239 860 2283 tantum
891 2224 1161 2285 itinerum
1189 2222 1462 2295 faciebat,
1512 2239 1802 2299 quantum
1828 2224 1963 2281 sati-s
1994 2218 2100 2281 effe
2184 2218 2201 2243 ⁸

220 2308 302 2373 ad
323 2306 709 2365 mutationem
729 2306 1016 2375 locorum,
1043 2319 1281 2381 propter
1300 2305 1695 2365 salubritatem
1718 2306 2097 2365 existimabat.

214 2386 322 2444 'lbi
345 2404 685 2459 quanquam
707 2386 912 2445 crebro
939 2388 1235 2462 audiebat,
1266 2386 1599 2447 Labienum
1621 2388 1695 2445 ab
1718 2386 1965 2447 inimicis
1986 2384 2098 2443 suis

217 2466 530 2533 solicitari3
580 2470 908 2543 certiorque
934 2467 1130 2537 fiebat,
1161 2469 1220 2527 id
1243 2469 1337 2547 agi
1364 2464 1687 2545 paucorum
1710 2468 1979 2541 consiliis,
2008 2482 2095 2538 ut,

219 2545 562 2622 interposita
593 2546 840 2606 Senatus
869 2550 1212 2607 auetoritate
1240 2550 1435 2625 aliqua
1468 2565 1637 2625 parte
1662 2551 1945 2608 exercitus
1972 2547 2097 2623 spo·

209 2630 493 2690 liaretur:
524 2642 724 2687 tamen
744 2647 934 2705 neque
955 2632 1027 2691 de
1053 2630 1317 2691 Labieno
1340 2631 1588 2690 credidit
1608 2632 1973 2706 quidquam;
2004 2650 2098 2689 ne-

213 2730 338 2789 que
365 2723 573 2769 contra
603 2710 850 2769 Senatus
879 2712 1303 2784 auctoritatem,
1352 2725 1419 2771 ut
1448 2712 1669 2788 aliquid
1700 2712 1938 2781 faceret,
1989 2730 2093 2787 po-

214 2796 338 2853 tuit
365 2791 602 2851 adduci.
645 2790 954 2866 judicabat
974 2795 1154 2861 enim,
1176 2792 1369 2851 liberis
1390 2794 1685 2852 sententiis
1706 2790 1939 2871 patrum
1963 2812 2095 2852 con-

211 2874 570 2949 scriptorum
607 2874 850 2947 ,causam
879 2872 1042 2931 suam
1069 2873 1541 2945 facileobtineri.
1611 2874 1777 2933 >Nam
1807 2875 1879 2933 C.
1908 2874 2091 2933 Curio

216 2957 490 3014 tribunus
523 2954 703 3029 plebis
731 2972 914 3027 quum
946 2954 1206 3013 Caesaris'
1230 2956 1462 3013 causam
1492 2956 1963 3036 dignitatemque
1991 2956 2093 3015 de·

211 3033 580 3097 fendcnd‘am
627 3033 960 3109 suscepiffet,
1013 3034 1155 3109 saepe
1202 3050 1329 3094 erat
1379 3036 1616 3097 Senatui
1670 3036 1999 3111 pollicitus;
2052 3034 2088 3093 fi

211 3136 400 3195 quem
429 3116 606 3173 timor
633 3134 937 3174 armorum
961 3115 1195 3175 Caesaris
1225 3117 1491 3184 laederet3
1526 3130 1583 3176 et
1611 3118 1893 3195 quoniam
1926 3119 2092 3177 Pom-

213 3201 332 3277 peii
362 3192 708 3262 dominatio,
738 3208 915 3271 atque
945 3208 1133 3270 arma,
1161 3216 1279 3261 non
1303 3198 1616 3257 minimum
1648 3213 1932 3259 terrorem
1961 3197 2087 3257 foro

213 3278 535 3347 inferrent3
585 3274 899 3336 discederet
929 3292 1177 3351 uterque
1226 3280 1301 3337 ab
1334 3279 1535 3349 armiS‚
1583 3279 1979 3355 exercitusque
2006 3280 2087 3338 di.

215 3364 498 3421 mitteret.
585 3358 731 3419 Fore
761 3377 830 3417 co
879 3362 1046 3433 pacto
1073 3360 1315 3419 liberam
1367 3374 1424 3418 ct
1452 3360 1534 3419 sui
1573 3361 1719 3437 juris
1768 3360 2083 3419 civitatem.

213 3440 424 3513 Neque
453 3442 566 3498 hoc
593 3452 828 3499 tantum
857 3438 1148 3513 pollicitus
1176 3440 1251 3503 est
1275 3461 1293 3509 3
1342 3440 1439 3500 sed
1467 3441 1645 3499 etiam
1693 3459 1797 3517 per
1822 3441 1878 3501 se
1908 3441 2083 3500 Sena·

208 3532 310 3583 tus
337 3519 724 3585 disceffionem
753 3519 944 3583 facere
977 3521 1169 3597 coepit.
1250 3522 1437 3602 Qod
1464 3540 1537 3582 ne
1572 3520 1758 3593 ficret,
1806 3522 2082 3593 consules,

641 3639 648 3648 ·
1796 3620 2083 3679 amicique
