2250 3900
238 93 449 176 260·
572 39 595 52 ο
801 87 1466 176 A.51-11RT11

216 252 467 332 imperio
492 249 691 349 egisset
714 269 853 334 cum
878 249 1300 322 Zamensibust
1336 249 1548 310 deinde
1575 267 1763 327 quum
1793 250 1848 312 se
1877 271 2106 330 parum

214 336 499 414 proficere
544 331 919 402 intellexisset,
968 334 1235 407 precibus
1255 351 1502 409 quoque
1541 331 1768 409 orasset,
1817 337 1904 392 uti
1933 336 1994 394 se
2021 337 2108 393 ad

216 417 349 480 sum
378 417 540 478 Deos
568 426 803 492 penates
832 411 1249 484 admitterent,
1295 414 1392 471 ubi
1421 433 1519 474 eos
1552 413 1614 471 in
1647 414 1933 474 sententia
1963 435 2110 490 per-

218 495 369 560 stare
394 495 843 562 animadvertit,
890 512 1000 552 nec
1026 494 1224 562 minis,
1263 513 1372 552 nee
1414 495 1680 570 precibus
1704 495 1818 554 suis
1851 497 2110 574 moveri,

222 577 563 660 quo,magis
588 576 645 636 se
672 577 1029 651 reciperent:
1076 575 1254 634 tertio
1301 576 1445 651 petit
1473 577 1550 634 ab
1577 575 1678 643 eis,
1727 591 1796 633 ut
1823 569 1924 634 fibi
1955 595 2108 634 con-

209 661 387 740 juges
408 657 727 732 liberosque
750 657 1081 723 redderent,
1112 670 1180 714 ut
1201 656 1398 714 secum
1418 674 1516 714 eos
1537 656 1878 730 asportaret.
1933 657 2105 715 Post..

218 758 405 816 quam
432 737 533 800 fibi
559 739 703 800 nihil
732 737 975 796 omnino
1020 736 1350 812 oppidanos
1387 735 1636 811 responsi
1675 737 1918 795 reddere
1967 738 2106 798 ani·

214 823 558 888 madvertit,
588 819 749 880 nulla
770 838 833 877 re
855 819 931 876 ab
956 817 1025 874 iis
1044 818 1380 896 impetrata,
1407 819 1482 876 ab
1503 817 1696 878 Zama
1715 815 1974 892 discedit,
2005 831 2104 875 at-

216 921 334 978 que
358 902 447 1040 ac}
466 901 665 962 villam
690 899 857 960 suam
878 915 1020 960 eum
1049 897 1138 958 M.
1168 898 1398 958 Petreio
1445 897 1756 978 paucisque
1799 896 2100 976 equitibus

214 983 273 1044 se
300 1002 409 1042 con
440 995 579 1042 ert--
1167 1006 1177 1022 ·

298 1063 505 1124 xcu.
544 1061 855 1124 Zamenses
882 1059 1120 1122 interitu⁴
1150 1057 1378 1142 legatos
1399 1055 1479 1120 'de
1509 1059 1576 1119 iis
1604 1062 1775 1120 rebus
1803 1061 1878 1121 ad
1907 1060 2104 1122 Caesa·

216 1163 347 1206 rem
378 1144 619 1204 Uticam
645 1143 912 1210 mittunt,
960 1155 1288 1219 petuntque
1327 1144 1403 1202 ab
1431 1161 1502 1202 eo
1523 1163 1549 1212 i
1593 1144 1678 1201 uti
1715 1155 1865 1202 unte
1912 1161 2107 1216 quam

217 1245 323 1288 rex
352 1243 599 1286 manum
627 1225 946 1306 colligeret,
986 1221 1216 1298 seseque
1241 1236 1636 1303 oppugnaret,
1679 1222 1780 1282 fibi
1807 1223 2109 1284 auxilium

218 1308 515 1372 minoret:
538 1306 592 1366 se
614 1320 814 1366 tamen
835 1318 1070 1382 paratos
1092 1303 1222 1380 effe,
1245 1303 1364 1372 sibi,
1389 1303 1584 1378 quoad
1604 1303 1735 1362 vita‘
1744 1305 2102 1380 suppeteret,

216 1391 531 1467 oppidum,
571 1385 743 1464 seque
790 1385 841 1444 ei
868 1383 1181 1444 reservare.
1201 1395 1222 1410 ²
1263 1385 1526 1464 Legatos
1577 1385 1938 1444 collaudatos
1967 1387 2106 1446 Cae.

218 1471 313 1532 far
338 1471 585 1532 domum
604 1469 773 1546 jubet
795 1466 1159 1535 antecedere,
1188 1484 1256 1523 ac
1285 1465 1453 1524 suum
1473 1466 1796 1525 adventum
1824 1474 2102 1542 praenun.

216 1551 392 1616 ciare.
458 1549 605 1627 lpse
627 1547 853 1624 postero
875 1546 967 1606 die
990 1546 1170 1608 Utica
1195 1545 1612 1626 egresl'uscum
1633 1545 1900 1622 equitatu
1922 1547 2008 1605 ire
2037 1549 2100 1607 in

217 1649 475 1714 regnum
520 1631 846 1688 contendit.
934 1627 1179 1686 Interim
1208 1629 1269 1687 in
1319 1629 1524 1687 itinere
1562 1647 1636 1687 ex
1687 1628 1861 1708 regiis
1911 1629 2100 1706 copiis

219 1713 399 1773 duces
446 1709 778 1784 complures
825 1709 901 1770 ad
932 1707 1215 1767 Caesarem
1240 1709 1506 1777 veniunt,
1557 1725 1848 1784 orantque
1876 1723 1944 1768 ut
1992 1709 2098 1768 fibi

219 1791 502 1878 ignoscat.
556 1792 795 1872 Qibus
814 1789 1164 1866 supplicibus
1186 1790 1353 1854 venia
1373 1791 1534 1860 data,
1558 1790 1812 1854 Zamam
1836 1791 2104 1866 perveni-

219 1889 346 1938 unt.
396 1875 656 1934 Rumore
677 1872 911 1931 interim
933 1869 1160 1945 perlato
1181 1869 1254 1928 de
1278 1871 1400 1948 ejus
1417 1871 1652 1942 lenitate
1669 1870 2104 1947 clementiaque

216 1953 649 2037 'propemodum
676 1972 879 2013 omnes
908 1952 1075 2033 regni
1102 1950 1325 2027 equites
1357 1952 1606 2011 Zamam
1635 1953 1984 2028 perveniunt
2019 1947 2102 2013 a'd.

150 2032 153 2037 ¹
218 2038 538 2105 Caesarems
580 2038 656 2094 ab
684 2052 869 2109 eoque
894 2032 1027 2092 sunt
1049 2048 1216 2093 metu
1245 2034 1627 2109 periculoque
1649 2034 1898 2093 liberati.

304 2118 541 2179 xcuI.
587 2116 755 2183 Dum
782 2116 903 2175 haec
945 2115 1258 2189 utrobique
1299 2122 1607 2195 geruntur,
1654 2114 1959 2184 Considius
1989 2114 2095 2189 qui

211 2200 446 2265 ,Tisdrae
492 2218 629 2262 eum
677 2196 901 2257 familia
928 2195 1045 2270 sua,
1092 2192 1445 2277 gladiatoria
1495 2213 1695 2264 manu,
1745 2194 2096 2270 Getulisque

223 2293 493 2360 praeerat,
540 2280 779 2363 cognita
806 2279 958 2335 caede
985 2276 1240 2349 suorum,
1289 2274 1656 2351 Domitiique
1684 2289 1742 2335 et
1788 2266 2096 2357 legionum

224 2367 483 2423 adventu
508 2361 869 2439 perterritus,
893 2348 1192 2434 desperata
1218 2355 1418 2430 salute,
1447 2358 1732 2433 oppidum
1753 2358 1983 2428 deserit,
2009 2360 2096 2419 se-

226 2462 343 2519 que
370 2447 525 2503 clam
552 2460 689 2501 cum
716 2440 915 2517 paucis
963 2438 1224 2497 barbaris
1254 2439 1500 2513 pecunia
1537 2438 1776 2497 onustus
1803 2438 2096 2510 subducit,

226 2536 408 2599 atque
455 2525 515 2583 in
562 2540 812 2603 regnum
858 2518 1065 2600 fugere
1098 2520 1422 2578 contendit.
1505 2518 1706 2600 Qem
1757 2518 1964 2587 Getuli
2009 2521 2100 2579 sui

226 2606 470 2665 comites
516 2604 577 2663 in
624 2604 869 2679 itinere,
898 2600 1101 2677 praedae
1142 2600 1364 2675 cupidi,
1413 2602 1768 2671 concidunt;
1816 2601 1989 2675 seque
2033 2603 2100 2661 in

139 2726 153 2735 ›
224 2688 620 2766 quascumque
648 2694 1110 2760 potuerepartes
1151 2679 1482 2741 conferunt.
1527 2702 1533 2707 ’
1563 2680 1635 2741 C.
1665 2682 1973 2763 Vergilius
2004 2683 2094 2741 in·

221 2766 417 2839 terim,
466 2766 775 2845 postquam
801 2778 959 2823 terra
985 2762 1250 2838 marique
1289 2760 1513 2820 clausus
1559 2763 1615 2820 se
1663 2762 1805 2821 nihil
1850 2764 2102 2839 profice.

222 2868 290 2911 re
334 2849 634 2924 intellexit,
680 2845 921 2921 suosque
946 2842 1297 2911 interfectos,
1337 2856 1448 2901 aut
1484 2840 1743 2923 fugatos,
1795 2843 1886 2905 M.
1911 2846 2100 2905 eato.

196 2952 358 3005 ⁸nem
392 2933 576 2991 Uticae
624 2927 724 2987 fibi
772 2927 957 3002 ipsum
1002 2942 1210 2983 manus
1240 2920 1502 3001 intulisse,
1523 2944 1577 2981 .r
1658 2942 1752 2983 em
1803 2944 2031 3006 vagum
2059 2942 2104 2985 a

222 3013 345 3074 suis'
383 3012 679 3070 desertum'
706 3009 791 3067 :ab
819 3007 1091 3066 omnibus
1137 3005 1462 3081 aspernati3
1517 3005 1592 3063 Sa
1635 3025 1806 3065 uram
1851 3007 2094 3086 ejusque

223 3094 419 3172 copias
447 3092 521 3151 ab
550 3091 696 3148 sitio
744 3086 846 3157 ess'e
896 3088 1154 3153 deletas-‚3
1210 3086 1396 3145 Uticae
1423 3085 1705 3146 Caesarem
1755 3087 1869 3145 fine
1919 3106 2092 3147 more

222 3188 561 3252 receptum;
590 3171 665 3229 de
692 3182 861 3228 tanto
887 3168 1140 3227 exercitu
1163 3168 1434 3241 reliquias
1463 3164 1568 3226 effe
1594 3167 1806 3237 nullas,
1834 3187 1962 3243 qua:
1993 3167 2094 3229 fibi
2171 3209 2178 3221 .

221 3256 449 3333 suisque
476 3251 668 3314 liberis
696 3248 1054 3327 prodeffent:
1096 3268 1134 3307 a
1163 3248 1413 3311 Caninio
1440 3248 1798 3324 proconsule,
1825 3253 1926 3325 qui
1957 3268 2092 3309 eum

222 3336 541 3404 obsidebat,
590 3332 703 3393 fide
732 3346 992 3410 accepta,
1038 3328 1214 3409 seque
1239 3346 1296 3391 et
1321 3329 1421 3393 sua
1463 3330 1666 3397 omnia
1713 3342 1773 3389 et
1799 3330 2088 3407 oppidum

223 3416 551 3494 proconsuli
572 3412 834 3497 transdit.
1124 3456 1140 3465 -
1229 3466 1236 3470 .
1517 3456 1530 3467 .
1853 3452 1861 3461 .

1385 3530 1389 3539 ’
1543 3552 1550 3565 ’
1642 3555 1648 3563 ’
1688 3534 1923 3641 κων.
1969 3572 2094 3641 Rex
