2250 3900
621 90 930 158 LIB
1012 86 1217 159 E‚R
1341 89 1465 151 111.
1856 106 1981 177 ης

97 243 329 327 ῃεᾶιις,
355 251 630 319 detmfiis
657 251 978 334 insignibus
1007 249 1403 328 imperatoris,
1431 249 1783 327 Decumana
1810 266 1983 329 porta

89 330 149 391 fe
181 354 248 392 ex
279 332 474 391 eastris
503 334 674 416 ejecit
695 357 722 403 ’r
744 329 1120 409 protinusque
1147 352 1300 407 vequo
1323 332 1504 393 citato
1532 328 1819 391 L‘arill'am
1848 351 1989 399 con-

97 414 309 472 tendit.
395 412 604 491 Neque
632 416 710 473 ibi
739 414 1030 482 constitit5
1072 412 1169 474 sed
1200 414 1405 473 eadem
1436 410 1736 479 celeritate
1762 432 1985 490 paucos

87 492 331 551 snorum
362 513 430 552 ex
457 494 603 575 suga
634 498 857 563 nasius,
909 498 1195 553 noeturno
1240 493 1445 553 itinere
1494 513 1615 553 non
1644 492 1987 571 intermisso,

89 576 382 633 comitatu
413 579 678 651 equitum
707 596 828 633 xxx
859 576 936 634 ad
963 593 1129 633 mare
1160 575 1447 649 pervenit,
1488 594 1819 651 navemque
1860 572 1983 633 sru-

89 655 448 715 mentariam
476 656 844 715 conscendit:
889 654 1056 731 saepe,
1074 669 1143 714 ut
1172 657 1495 732 dicebatur,
1522 674 1773 729 querens
1790 678 1811 725 3
1853 668 1983 715 tan·

87 749 220 793 tum
266 734 328 795 se
373 738 710 812 opinionem
755 735 1026 811 fefelliss'e,
1069 749 1135 794 ut
1188 755 1227 795 a
1275 755 1394 810 quo
1422 756 1636 815 genere
1664 736 1979 799 hominum

87 816 398 879 vitreriam
425 816 716 893 sperasset,
738 818 812 877 ab
843 826 926 876 eo‘
939 817 1108 875 initio
1135 815 1291 897 sugoe
1322 817 1493 887 fano,
1514 835 1679 892 paene
1706 816 1981 893 proditus

82 897 409 958 videretur.
715 949 721 955 .
1455 942 1464 949 -

165 979 433 1039 XCVII.
479 979 668 1040 Caesar
723 978 936 1051 castr-is,
966 980 1185 1056 potitus
1234 999 1273 1039 a
1317 977 1599 1041 militibus
1645 978 1973 1051 contendit,

81 1077 160 1116 ne
189 1060 250 1117 in
281 1061 484 1135 praeda
507 1062 778 1139 occupati
809 1062 1016 1135 reliqui
1065 1060 1287 1142 negotii
1336 1060 1581 1141 gerendi
1630 1060 1973 1121 facultatem

83 1138 474 1200 dimitterent.
586 1162 660 1201 na
687 1162 750 1199 re
780 1144 1114 1217 impetrata,
1147 1156 1415 1201 montem
1442 1160 1616 1217 opere
1638 1144 1973 1202 circumve·

85 1216 214 1278 nire
245 1221 514 1281 instituit.
648 1224 963 1299 ompeiani,
1006 1224 1171 1298 quod
1218 1222 1264 1281 is
1294 1238 1463 1285 mons
1494 1237 1617 1282 erat
1646 1222 1764 1282 fine
1794 1240 1973 1299 aqua,

84 1300 256 1360 diffisi
287 1303 338 1360 ei
367 1304 520 1371 loc0,
549 1303 744 1363 relidio
776 1317 998 1371 monte,
1022 1302 1271 1363 universi
1295 1304 1467 1384 (juris
1494 1301 1651 1385 ejus)
1686 1302 1971 1365 Larissam

32 1386 34 1393 '
84 1384 288 1446 versus
318 1383 374 1441 se
401 1384 656 1461 recipere
681 1399 1002 1460 coeperunt.
1032 1386 1207 1521 'Ostiia
1236 1404 1295 1441 re
1325 1384 1751 1451 animadversa,
1780 1384 1973 1444 Caesar

83 1464 286 1539 copias
314 1464 446 1523 suas
476 1466 707 1535 divisit3
750 1478 1098 1542 partemque
1162 1465 1441 1545 egionum
1469 1466 1531 1523 in
1558 1462 1977 1525 castris.Pom-·

81 1546 200 1619 peii
231 1537 536 1606 remanere
555 1546 734 1625 juffit,
778 1561 1008 1623 partem
1039 1545 1097 1603 in
1126 1544 1228 1604 sua
1256 1544 1439 1603 castra
1481 1544 1729 1603 remifitz
1778 1563 1839 1603 iv
1888 1544 1975 1605 se.

79 1644 228 1683 cum
256 1625 520 1705 legiones
548 1624 713 1687 duxit
737 1648 758 1696 ς
801 1626 1321 1701 commodioreque
1364 1625 1567 1685 itinere
1596 1626 1971 1703 Pompeianis

78 1725 366 1765 occurere
394 1708 604 1782 coepit:
637 1722 694 1767 et
711 1706 1036 1789 progressus
1063 1706 1249 1767 millia
1279 1705 1541 1783 passuum
1572 1727 1633 1764 vi
1664 1710 1848 1767 aciem
1880 1702 1967 1768 in-

79 1786 308 1845 struxit.
356 1788 498 1871 Qa
528 1808 590 1847 re
611 1789 1034 1864 animadversa,
1058 1787 1392 1863 Pompeiani
1412 1789 1474 1849 in
1502 1789 1763 1864 quodam
1794 1807 1965 1848 mon-

79 1880 138 1925 te
169 1866 578 1937 constiterunt.
643 1870 821 1945 Hunc
851 1860 1116 1929 montem
1145 1868 1363 1929 flumen
1391 1867 1712 1929 subluebat·
1756 1868 1967 1939 Ceasar,

80 1945 306 2008 milites'
330 1948 694 2019 cohortatur,
745 1950 844 2012 etsl
875 1953 1052 2011 totius
1082 1952 1197 2010 diei
1224 1950 1546 2010 continenti
1574 1950 1769 2010 labore
1800 1963 1967 2010 erant

83 2029 358 2101 confecti,
403 2049 635 2105 noxque
657 2033 786 2109 jam
813 2031 1066 2101 suberat,
1105 2046 1300 2092 tamen
1329 2033 1654 2093 munitione
1685 2031 1901 2092 flumen
1928 2051 1969 2092 a

79 2125 292 2173 monte
323 2111 669 2194 sedulia-ne
697 2116 870 2172 noflu
903 2113 1244 2189 Pompeiani
1274 2113 1477 2188 aquari
1506 2110 1744 2188 poll'ent.
1822 2113 1965 2193 Qo

77 2197 208 2273 jam
239 2192 500 2270 perfeeto
527 2213 724 2270 opere,
767 2195 848 2252 illi
879 2197 952 2254 de
981 2195 1299 2262 deditione,
1331 2192 1501 2250 miffis
1531 2194 1984 2272 legatis,.agere,

88 2286 417 2350 coeperunt.
516 2273 694 2334 Pauci
743 2275 962 2334 ordinis
991 2275 1282 2343 senatorii,
1333 2274 1433 2348 qui
1480 2274 1534 2332 se
1564 2290 1703 2332 cum
1730 2271 1797 2330 iis
1825 2289 1966 2332 cons·

77 2357 426 2434 junxerant,
468 2357 639 2427 npslu
667 2353 814 2437 fuga
843 2355 1084 2415 salutem
1116 2356 1431 2432 petierunt.
1596 2415 1599 2420 ,
2000 2427 2009 2436 ⁴

159 2435 472 2499 XCVIII.
515 2436 706 2496 Caesar
733 2439 924 2513 prima
950 2438 1078 2496 luce
1107 2455 1312 2497 omnes
1341 2453 1461 2512 eos,
1506 2435 1602 2510 qui
1651 2436 1710 2496 in
1761 2449 1965 2498 monte

78 2516 488 2587 consederant,
514 2537 582 2576 ex
603 2515 990 2592 superioribus
1019 2516 1161 2579 locis
1179 2520 1250 2577 jn
1282 2517 1591 2593 planiciem
1621 2518 1966 2580 descendere

79 2611 266 2674 atque
295 2615 462 2654 arma
491 2598 773 2675 projicere
788 2597 981 2676 ,juffitz
1031 2599 1191 2674 quod
1220 2601 1319 2657 ubi
1350 2597 1463 2658 fine
1496 2600 1847 2677 recusatione
1874 2599 1965 2658 fe-

77 2689 315 2750 cerunt,
346 2675 621 2752 paffisque
650 2679 880 2753 palmis„
904 2679 1138 2758 projecti
1168 2681 1244 2737 ad
1276 2693 1515 2748 terram,
1538 2679 1761 2756 flentes,
1790 2683 1863 2740 ab
1893 2700 1965 2740 eo

77 2759 381 2834 petierunt
408 2759 690 2828 salutem;
732 2755 1058 2822 consolatus
1087 2760 1436 2840 consurgere
1452 2761 1645 2842 juffit3
1689 2774 1747 2818 et
1777 2759 1967 2835 pauc'a

77 2840 246 2916 apud
275 2857 376 2898 eos
406 2840 484 2920 de
505 2839 745 2900 lenitate
770 2841 876 2902 sua
904 2843 1156 2910 locutus,
1186 2860 1307 2915 quo
1336 2843 1555 2912 minore
1586 2839 1757 2898 effent
1788 2841 1964 2898 timo-

78 2939 162 2996 re,
209 2913 421 2978 omnes
469 2919 832 2980 conservavit
857 2944 875 2993 3
928 2921 1311 2995 militibusque
1354 2919 1467 2978 suis
1504 2919 1685 2998 juffit,
1736 2938 1809 2980 ne
1858 2920 1961 2995 qui

79 3019 293 3060 eorum
324 3001 704 3073 violarentur,
754 3021 866 3062 neu
917 3003 1060 3078 quid
1090 3003 1171 3062 sui
1203 3001 1611 3060 desiderarent.
1702 3000 1834 3062 Hac
1866 3003 1966 3062 ad·

81 3081 276 3140 hibita
327 3079 653 3164 diligentia,
693 3101 760 3143 ex
809 3083 1002 3142 castris
1049 3081 1149 3142 fibi
1180 3083 1439 3162 legiones
1467 3083 1606 3142 alias
1635 3102 1963 3154 occurrere,

81 3175 140 3222 et
171 3181 272 3222 eas
303 3181 448 3235 quas
477 3164 668 3223 secum
698 3167 968 3234 duxerat,
1009 3165 1263 3224 invicem
1294 3163 1667 3238 requiescere,
1698 3162 1875 3242 atque
1904 3166 1968 3226 in

76 3241 271 3302 castra
297 3244 510 3304 reverti
529 3243 688 3326 juffit
713 3266 729 3303 ε
776 3245 1104 3321 eodemque
1135 3245 1227 3303 die
1256 3243 1538 3308 Larissam
1569 3247 1854 3324 pervenit.
1938 3289 1947 3300 .

167 3323 406 3382 XCIX.
451 3325 520 3384 In
551 3344 620 3385 eo
650 3325 852 3402 proelio
879 3344 1001 3388 non
1030 3324 1285 3401 amplius
1314 3345 1387 3384 ec
1419 3328 1627 3387 milites
1676 3327 1965 3396 desideras

78 3405 228 3473 vit;“
252 3405 348 3465 sed
377 3407 767 3476 centuriones,
798 3405 979 3468 fortes
1009 3406 1187 3478 viros,
1218 3407 1446 3468 circiter
1473 3427 1581 3466 xxx
1609 3407 1812 3469 amifit.
1868 3408 1973 3469 ln·

80 3485 356 3554 tetfefius
409 3486 488 3549 est
537 3488 734 3550 etiam·
762 3487 1064 3572 fortiffigne
1103 3507 1377 3572 pugnans
1424 3488 1745 3556 Crastinus,
1797 3494 1963 3572 cujus

1332 3603 1341 3612 ·
1598 3571 1961 3636 mentionem
1990 3605 1995 3612 ·

1852 3853 1891 3870 Δ-
