2250 3900
597 102 668 167 -L
747 104 781 163 1
865 104 915 164 Β
999 102 1054 167 E
1144 104 1201 163 R
1322 102 1471 166 xm.
1582 134 1592 147 ·
1852 116 1978 187 »m

47 264 158 327 'ex
195 266 416 345 oppido
441 266 1074 326 animadverterentur..
1109 268 1175 324 eit
1207 264 1527 345 majoribus
1558 265 1750 326 castris
1780 266 1839 327 in
1870 268 1983 328 mis

79 370 244 407 nora
276 350 636 408 transducit:
684 352 1021 429 legatisque,
1055 368 1201 421 quos
1236 349 1469 428 singulis
1500 350 1823 429 legionibus
1848 370 1991 425 prae-

71 430 336 499 fecerat,
382 432 526 503 quid
557 430 679 487 fleri
710 431 906 498 vellet,
949 430 1237 487 ostendit:
1286 432 1341 486 in
1395 430 1595 503 primis
1652 446 1873 495 monet,
1918 444 1987 496 ut

73 513 436 569 contineant
482 511 705 581 milites,
749 531 822 569 ne
874 512 1060 569 studio
1106 513 1431 605 pugnandi,
1476 524 1579 567 aut
1627 511 1721 584 spe
1775 514 1982 605 praedae

29 644 31 649 .
75 593 332 669 longius
365 594 839 671 progrediantur.
925 593 1088 673 Qid
1141 592 1413 664 iniquitas
1467 594 1575 649 loci
1633 593 1843 649 habeat
1894 594 1985 653 in·

75 675 415 734 commodi,
478 676 772 748 proponit.
884 671 1021 729 Hoc
1073 692 1191 731 una
1242 674 1533 731 celeritate
1586 670 1771 745 poffe
1787 673 1981 731 vitari.

75 753 443 815 Occafionis
464 753 565 816 effe
598 774 742 821 rem,
775 774 894 813 non
923 754 1162 829 proelii.
1202 752 1314 809 His
1347 758 1515 811 rebus
1548 753 1838 827 expositis,
1872 753 1983 832 fig.

71 854 232 893 num
287 837 410 907 dat,
463 849 519 893 et
569 838 642 892 ab
693 838 929 893 dextera
957 850 1126 910 parte
1146 820 1269 891 alio
1302 836 1573 893 adscensu
1594 836 1802 892 eodem
1831 848 1982 893 tem·

67 935 226 991 pore
263 916 494 974 AEduos
526 917 728 974 mittit.
1968 938 1977 959 ²

162 998 408 1053 XLVI.
453 996 670 1071 Oppidi
702 1012 903 1053 murus
935 998 1006 1053 ab
1043 995 1301 1071 planitie,
1338 1009 1519 1069 atque
1548 994 1715 1054 initio
1742 996 1981 1055 adscen-

65 1078 195 1140 sus,
247 1082 404 1135 resta
433 1082 690 1163 regione,
743 1078 778 1133 s1
812 1080 1004 1135 nullus
1053 1077 1345 1134 austasius
1395 1078 1798 1144 intercederet,
1851 1096 1979 1135 mcc

65 1156 276 1233 passus
309 1160 529 1217 abetat.
617 1159 929 1236 Quidquid
986 1160 1119 1215 huic
1164 1158 1437 1215 circuitus
1482 1158 1557 1216 ad
1588 1159 1983 1217 molliendum

65 1240 308 1296 clivum
341 1237 664 1315 accesserat
705 1240 760 1295 id
791 1238 1042 1311 spatium
1075 1240 1291 1297 itineris
1322 1240 1595 1318 augebat.
1682 1241 1745 1295 A
1766 1240 1975 1307 medio

65 1319 203 1377 fere
239 1321 391 1377 colle
429 1323 486 1377 in
535 1320 926 1399 longitudine,
973 1332 1038 1377 ut
1088 1336 1299 1377 natura
1349 1320 1564 1377 montis
1608 1319 1855 1393 ferebat,
1909 1340 1977 1379 ex

73 1404 420 1479 grandibus
449 1402 590 1458 saxis
624 1422 686 1459 v}
720 1404 934 1473 pedum
968 1420 1219 1474 murum,
1262 1402 1360 1476 qui
1413 1400 1745 1457 nostrorum
1789 1401 1977 1472 impe-

73 1496 215 1538 tum
244 1484 530 1548 tardaret,
577 1484 978 1557 praeduxerant
1013 1481 1207 1549 Galli,
1260 1497 1456 1555 atque,
1486 1479 1770 1539 inferiore
1801 1478 1977 1537 omni

70 1560 290 1635 spatio
323 1582 516 1619 vacuo
565 1564 778 1627 remo,
827 1563 1183 1637 superiore-m
1228 1576 1458 1635 partem
1500 1560 1661 1619 collis
1692 1562 1869 1636 usque
1900 1562 1978 1621 ad

71 1661 335 1701 murum
369 1644 567 1718 oppidi
599 1641 930 1701 denfiffimis
960 1642 1155 1701 castris
1185 1642 1642 1735 compleyerant.
1752 1642 1977 1703 Milites

70 1724 256 1803 signo
285 1726 450 1798 dam,
492 1724 753 1781 celeriter
775 1726 856 1781 ad
889 1724 1279 1781 munitionem
1311 1726 1678 1798 perveniunt,
1724 1742 1977 1817 eamque

71 1805 416 1883 transgreffi
448 1806 610 1864 trinis
640 1804 833 1863 castris
863 1806 1190 1888 potiuntur.
1264 1808 1359 1861 Ac
1389 1817 1557 1862 tanta
1584 1804 1739 1861 fuit'
1727 1824 1785 1863 in
1814 1806 1979 1879 capia

71 1886 255 1943 endis
285 1886 480 1943 castris
511 1887 792 1962 celeritaS,
844 1900 909 1943 ut
949 1886 1382 1945 Theutomatus
1416 1886 1539 1942 Rex
1572 1882 1975 1966 Nitiobrigur'n

69 1968 328 2024 subito
313 1988 373 2024 in
399 1965 778 2025 tabernaculo
807 1965 1119 2044 oppressus,
1164 1982 1228 2024 ut
1259 1967 1501 2024 meridie
1530 1968 1985 2041 conquieverat,-

72 2047 388 2123 superiore
417 2049 674 2122 corporis
705 2061 868 2122 parte
899 2051 1141 2116 nudata,
1174 2050 1481 2106 vulnerato
1504 2065 1674 2122 eque,
1696 2049 1791 2106 vix
1820 2049 1873 2107 se
1903 2068 1973 2108 ex

67 2131 368 2187 manibus
395 2131 778 2204 praedantium
813 2129 1058 2188 mil-itum
1089 2130 1355 2204 eripe-ret.

159 2209 447 2270 XLV11.
489 2210 850 2268 Consecutus
880 2211 959 2284 id,
1004 2209 1163 2284 quod
1194 2210 1393 2266 animo
1423 2207 1819 2283 proposuerat,
1851 2207 1979 2266 Cae-

73 2291 168 2349 sar
202 2292 470 2366 receptui
501 2292 629 2348 cani
651 2289 840 2367 justit-z
874 2291 1233 2370 legionisque
1254 2291 1512 2354 decimae,
1540 2309 1655 2364 qua
1678 2309 1813 2346 cum
1847 2301 1975 2356 erat

76 2373 498 2447 concionatus»,
542 2371 704 2450 signa
741 2372 1067 2430 constitere.
1154 2373 1235 2429 At
1266 2370 1644 2444 reliquarum
1656 2372 1861 2429 milites
1894 2371 1975 2428 le-

75 2455 366 2532 gionum,
411 2471 528 2510 non
559 2453 831 2511 exaudito
856 2455 1013 2510 tubae
1043 2452 1202 2518 sone,
1254 2453 1414 2528 quod
1443 2452 1577 2509 satis
1604 2471 1823 2530 magna
1852 2453 1977 2522 val-j

75 2533 151 2590 Iis
181 2534 612 2608 intercedebat,
655 2549 856 2591 tamen
905 2553 936 2591 a
966 2535 1213 2591 tribunis
1243 2532 1497 2590 militum
1527 2531 1863 2612 legatisque,
1907 2546 1975 2590 ut

77 2628 215 2672 erat
247 2634 286 2672 a
317 2613 538 2675 Caesare
563 2628 931 2688 praeceptum,
954 2615 1371 2674 retinebantur.
1447 2613 1563 2670 Sed
1592 2615 1725 2672 elati
1754 2615 1847 2689 spe
1878 2633 1976 2671 ce-

75 2697 224 2752 leris
255 2695 526 2762 vidoriae,
572 2711 629 2752 et
659 2695 908 2752 hostium
937 2694 1102 2774 fuga,
1133 2695 1611 2770 superiorumque
1639 2709 1975 2769 temporum

76 2777 362 2836 secundis
413 2773 649 2852 proeliis,
704 2777 846 2833 nihil
904 2779 1052 2834 adeo
1101 2779 1353 2833 arduum
1408 2775 1505 2832 fibi
1552 2775 1977 2850 existimabant,

79 2858 256 2930 quod
288 2875 411 2913 non
441 2857 656 2915 virtute
685 2857 952 2932 consequi
983 2853 1220 2931 possent,
1264 2875 1453 2930 neque
1496 2858 1653 2930 prius
1685 2855 1861 2914 finem
1890 2852 1975 2912 se·

80 2936 321 3014 quendi
351 2937 637 3004 fecerunt,
689 2956 867 3010 quam
913 2957 1086 2996 muro
1115 2932 1315 3013 oppidi
1346 2939 1639 3012 portisque
1668 2938 1981 3014 appropin-

81 3030 383 3093 quarunt.
439 3017 602 3078 Tum
633 3037 773 3077 vero
803 3039 868 3076 ex
900 3021 1173 3077 omnabus
1204 3019 1361 3076 urbis
1394 3019 1675 3095 partibus
1702 3032 1833 3079 orto
1864 3019 1980 3076 cla—

83 3119 290 3172 more,
339 3103 440 3174 qui
471 3100 700 3180 longius
733 3101 995 3172 aberant,
1038 3097 1344 3176 repentin'o
1374 3102 1632 3157 tumultu
1665 3101 1977 3176 perterriti,

81 3199 287 3256 quum
323 3179 508 3238 hostes
541 3182 693 3238 intra
724 3195 918 3255 portas
946 3179 1052 3246 effe
1083 3180 1493 3250 existimarent,
1523 3181 1631 3240 sese
1662 3201 1727 3238 ex
1758 3181 1977 3255 oppido

82 3264 414 3338 ejecerunt.
487 3261 964 3321 Matresfamilias
991 3263 1066 3320 de
1096 3280 1268 3320 muro
1298 3259 1511 3319 vestem
1540 3271 1975 3340 argentumque

76 3345 426 3421 jactabann
477 3355 536 3400 et
585 3347 812 3419 pestore
860 3345 1021 3402 nudo
1051 3343 1467 3430 prominentes,
1513 3343 1674 3417 paffis
1704 3343 1975 3400 manibus
2020 3373 2030 3376 -
2128 3348 2141 3354 ”

85 3423 538 3484 obtestabantur
590 3424 914 3492 RomanOS,
971 3439 1036 3484 ut
1083 3424 1185 3483 fibi
1231 3427 1578 3500 parcerent,
1636 3442 1772 3489 neu,
1834 3421 1979 3479 ficut

85 3499 367 3568 Avarici
376 3501 652 3587 fecissent,
691 3521 766 3569 'ne
794 3507 1136 3570 mulieribus
1164 3507 1404 3582 quidem
1434 3515 1611 3581 atque
1634 3501 1985 3642 t:Rfantibus

1598 3602 1633 3642 a
1722 3596 1943 3642 merent
