2250 3900
250 101 364 180 146
612 103 754 168 DE
819 105 1193 170 BELLO
1256 105 1773 172 GALLIC'O

233 263 618 328 descendants
651 267 750 327 illo
777 281 975 329 tamen
1004 269 1197 346 potius
1222 273 1510 334 utendum
1540 271 1798 338 consilio,
1828 268 1873 326 ff
1899 287 1989 327 res
2018 285 2117 326 cm
2212 339 2214 342 Α

235 363 344 430 gat
392 366 570 424 atque
619 352 833 410 auxilia
861 366 1192 420 morentur,
1245 373 1427 428 quam
1466 354 1775 414 deditionis
1806 366 1904 410 aut
1950 349 2109 426 pacis
2211 385 2214 410 2

231 433 595 492 subeundam
617 431 1035 492 conditionem.
1109 433 1442 501 Mandubii,
1472 437 1571 510 qui
1594 453 1691 493 eos
1714 432 1931 508 oppido
1953 448 2115 490 rece·

233 526 465 591 perant,
515 529 653 570 cum
699 513 1098 589 liberisatque
1125 516 1605 574 uxoribus‘exire
1634 527 1950 594 coguntur.
2044 511 2113 577 Ii,

233 611 422 672 quum
447 593 522 651 ad
545 593 898 654 munitiones
928 595 1337 654 Romanorum
1360 595 1716 669 acceffiss'ent,
1738 593 1960 668 flentes»,
1985 611 2115 652 om-

235 675 410 735 nibus
439 676 704 750 precibus
734 677 1004 747 orabant,
1054 693 1120 734 ut
1150 677 1205 736 se
1230 677 1292 736 in
1320 679 1657 736 servitutem
1694 685 1957 751 receptos
1986 677 2126 732 cibo

231 761 524 838 juvarent.
611 755 748 815 Hos
777 753 984 828 Caesar,
1037 757 1326 835 dispositis
1348 760 1409 818 in
1436 757 1594 818 vallo
1630 757 1923 834 custodiis,
1972 756 2119 814 reci·

235 839 298 916 pi
326 838 690 915 prohibebat.

325 919 620 978 LXXIX.
675 919 910 981 Interea
961 918 1222 992 Connus,
1280 932 1339 980 et
1390 919 1599 996 reliqui
1656 919 1853 996 duces,
1910 917 2127 995 quibus

231 1001 468 1063 'summa
489 999 717 1076 imperii
740 1000 1006 1078 permissa
1027 1016 1176 1078 erat,
1200 1021 1338 1061 cum
1369 1003 1641 1062 omnibus
1670 1001 1851 1076 copiis
1882 1003 1959 1059 ad
1988 1001 2131 1059 Ale-

235 1083 382 1140 fiam
408 1081 794 1159 perveniunt:
849 1095 926 1151 et,
957 1083 1102 1144 colle
1134 1085 1415 1142 exteriore
1444 1096 1903 1157 occupatomon
1931 1081 2127 1162 longi-

239 1181 311 1224 us
341 1181 379 1221 1>
407 1161 651 1241 paffibus
682 1181 717 1220 a
743 1163 947 1222 nostris
1000 1164 1424 1224 munitionibus
1471 1163 1798 1223 confidunt.
1888 1163 2135 1222 Postero·

239 1246 360 1316 die,
409 1245 677 1318 equitatu
727 1263 795 1303 ex
841 1243 1036 1303 castris
1066 1245 1297 1316 eduCto,
1345 1263 1586 1305 omnem
1634 1263 1764 1303 eam
1793 1243 2125 1320 planitiem,

235 1345 421 1404 quam
448 1326 508 1385 in
538 1325 972 1407 longitudinem
1025 1345 1097 1384 m
1145 1327 1329 1385 millia
1356 1324 1618 1402 paffuum
1648 1339 1845 1402 patere
1875 1325 2126 1384 demon.

237 1407 572 1476 stravimus,
601 1406 929 1483 coinplentz
979 1407 1376 1484 pedestresque
1406 1408 1623 1484 copias,
1656 1407 1920 1482 paullum
1952 1409 2031 1466 ab
2064 1427 2125 1464 eo

237 1491 392 1566 loco,
442 1490 670 1550 abditas
715 1491 778 1548 in
805 1489 948 1548 locis
995 1487 1382 1564 superioribus
1412 1487 1788 1550 constituunt.
1878 1488 2032 1546 Erat
2060 1507 2127 1546 ex

236 1571 461 1648 oppido
513 1570 714 1629 Alesia
737 1569 1030 1647 despeaus
1077 1571 1140 1630 in
1181 1585 1480 1647 campum-0
1567 1569 1982 1638 concurritur,
2040 1569 2123 1626 his

235 1651 472 1710 auxiliis
499 1650 629 1709 vifis
647 1669 672 1710 r
719 1651 785 1710 fit
813 1651 1135 1732 gratulatio
1164 1652 1317 1710 inter
1345 1671 1464 1728 eos,
1500 1647 1977 1726 atque'omnium
2008 1649 2131 1709 ani·

239 1733 329 1810 mi
357 1731 432 1790 ad
461 1730 721 1791 laetitiam
751 1733 1102 1791 excitantur.
1192 1734 1425 1806 ltaque,
1464 1731 1756 1807 productis
1787 1733 1997 1805 copiis,
2026 1751 2129 1792 au-

233 1827 302 1874 ·te
330 1812 612 1890 oppidum
641 1811 980 1882 confidunt3
1031 1826 1088 1871 et
1117 1815 1447 1888 proximam
1494 1811 1689 1872 foffam
1729 1814 1989 1872 cratibus
2046 1815 2127 1872 in·
2186 1888 2191 1894 .

239 1893 472 1977 tegunt'
485 1907 664 1969 atque
693 1913 910 1977 aggere
940 1897 1205 1973 explent3
1236 1895 1409 1971 seque
1430 1896 1505 1955 ad
1530 1894 1917 1972 eruptionem,
1951 1909 2129 1975 atque

236 1994 450 2037 omnes
481 1977 640 2035 casus
671 1990 1037 2053 comparant.
1353 2005 1361 2011 ·
1716 2016 1723 2023 -
1992 1992 2021 2003 r

329 2057 594 2119 Lxxx.
623 2056 830 2126 Caesan
851 2058 1293 2117 omni‘exereitu
1314 2058 1389 2116 ad
1412 2072 1727 2135 utramque
1752 2069 1986 2133 partem
2003 2076 2131 2119 mu·

241 2140 542 2203 nitionum
563 2139 854 2219 dispolim,
881 2152 971 2208 ut,
1009 2139 1048 2199 si
1077 2140 1451 2213 ususxeniat,
1478 2140 1647 2198 suum
1677 2140 1915 2217 quisque
1938 2142 2132 2200 locum

235 2236 443 2301 teneat
471 2238 529 2282 et
559 2222 821 2292 noverit3
867 2222 1193 2296 equitatum
1222 2242 1291 2281 ex
1320 2218 1515 2280 castris
1545 2222 1735 2288 educi,
1768 2234 1823 2278 et
1855 2220 2141 2295 proelium

238 2304 541 2367 committi
582 2305 772 2382 jubet.
855 2302 1005 2361 Erat
1034 2324 1101 2363 ex
1132 2305 1401 2363 omnibus
1428 2301 1646 2371 castris,
1678 2320 1805 2377 quae
1830 2302 2133 2359 summum

238 2380 512 2461 nudique
529 2385 746 2465 jugum
774 2385 1073 2455 tenebant,
1104 2384 1432 2460 despeetun
1467 2397 1645 2460 atque
1673 2381 1945 2442 omnium
1976 2381 2130 2441 mili·

243 2465 378 2526 tum
403 2465 614 2524 intenti
659 2465 842 2525 animi
892 2484 1104 2546 pugnae
1155 2479 1428 2524 eventum
1460 2465 1878 2539 exspectabant.
1964 2462 2131 2522 Galli

235 2548 402 2609 inter
432 2546 677 2623 equites,
724 2566 886 2607 raros
913 2545 1267 2626 sagittari03‚
1312 2546 1719 2623 expeditosque
1758 2542 1901 2603 levis
1930 2561 2131 2603 arma-

242 2642 392 2689 tnrae
438 2629 866 2707 interjecerant,
919 2629 1020 2706 qui
1071 2627 1187 2685 suis
1215 2628 1553 2687 cedentibus
1592 2626 2133 2687 auxiliosuccurre·

242 2724 418 2781 τεαῖς
471 2723 530 2768 et
565 2708 907 2774 ‚nostrorum
938 2709 1207 2785 equitum
1245 2709 1536 2785 impeturn
1580 2706 1938 2767 sustinerent.
2028 2707 2135 2766 Ab

247 2793 341 2854 his
369 2791 700 2867 complures
727 2792 802 2851 de
829 2790 1153 2867 improviso
1171 2790 1482 2858 vulnerati,
1516 2789 1719 2868 proelio
1746 2789 2136 2848 excedebant.

245 2877 459 2955 Qum
505 2874 634 2933 suos
680 2891 886 2953 pugna
931 2872 1250 2947 superiores
1299 2870 1404 2931 effe
1433 2871 1595 2931 Galli
1642 2868 2025 2943 confiderent,
2077 2882 2138 2928 et

243 2954 478 3019 nostros
506 2955 694 3031 premi
721 2954 1100 3013 multitudine
1125 2954 1426 3021 viderent3
1458 2973 1528 3013 ex
1550 2954 1813 3015 omnibus
1842 2950 2147 3029 partibus,

253 3050 315 3096 et
343 3036 404 3112 ii,
455 3036 553 3109 qui
585 3035 1010 3097 munitionibus
1038 3034 1511 3104 continebantur,
1560 3046 1618 3092 et
1648 3034 1705 3109 ii,
1734 3032 1835 3109 qui
1862 3031 1940 3090 ad
1970 3033 2137 3091 auxi·

245 3116 403 3179 lium
451 3130 868 3187 convenerant,
915 3118 1171 3177 clamore
1224 3131 1282 3176 et
1336 3113 1567 3174 ululatu
1614 3114 1853 3173 suorum
1902 3112 2135 3173 animos

252 3198 710 3263 confirmabant.
747 3198 934 3291 Qud
964 3199 1030 3258 in
1052 3198 1357 3274 conspectu
1387 3192 1655 3255 omnium
1682 3196 2135 3277 res-gerebatur,

251 3299 448 3360 neque
468 3282 637 3349 reete,
668 3292 771 3339 aut
792 3279 1039 3356 turpiter
1059 3278 1282 3338 faetum
1308 3278 1483 3337 celari
1505 3290 1755 3354 poterat,
1774 3274 2053 3351 utrosque
2072 3288 2135 3334 et

245 3365 444 3427 laudis
473 3361 784 3439 cupiditate,
828 3374 888 3420 et
916 3362 1095 3419 timor
1123 3359 1461 3441 ignominiae
1501 3359 1581 3419 ad
1609 3358 1889 3417 virtutem
1920 3358 2133 3419 excita·
2208 3362 2210 3395 ¹

245 3445 376 3506 bat.
445 3445 658 3529 Qum
687 3460 723 3501 a
751 3441 995 3503 meridie
1022 3460 1205 3519 prope
1231 3440 1307 3500 ad
1332 3440 1488 3501 Solis*
1510 3438 1781 3499 occasum
1811 3438 1991 3499 dubia
2022 3436 2135 3497 vic·

245 3524 408 3584 toria
433 3536 823 3606 pugnaretur,
865 3520 1157 3582 Germani
1184 3539 1305 3581 una
1330 3520 1393 3579 in
1422 3534 1588 3597 parte
1616 3519 1895 3580 confertis
1922 3520 2132 3579 turmis

250 3602 318 3675 ἠ
333 3602 526 3671 hoste·
545 3605 837 3686 impetum
856 3602 1143 3685 fecerunt,
1172 3600 1385 3682 eosque
1402 3602 1817 3691 propulerunt
1896 3600 2137 3695 Qubus

852 3710 865 3722 x
1212 3718 1217 3723 .
2076 3698 2143 3743 m
