2250 3900
607 106 673 175 1.
757 114 788 173 1
875 112 925 172 B
1009 90 1213 182 nn
1338 113 1471 179 ιιι.
1569 75 1618 130 ·“
1880 130 1997 197 255

112 279 222 335 bus
258 296 348 335 ιι·
381 278 546 357 cujus
555 277 834 337 'adventu
859 276 1030 337 facile
1057 276 1189 335 sunt
1220 275 1430 353 repulfi
1462 276 1823 353 Pompeiani.
1882 278 2000 339 Ne·

115 378 234 431 que
263 378 406 417 vero
432 344 816 433 conspeetum
852 374 958 417 aut
1009 358 1302 435 impetum
1334 358 1665 418 nostrorum
1696 359 1999 419 tulerunt.

111 440 432 515 primisque
460 441 710 518 dejectis,
739 439 949 515 reliqui
979 438 1033 499 se
1063 454 1394 508 verterunt,
1446 452 1503 497 et
1530 440 1662 501 loco
1692 438 2027 517 cesserunt.

115 521 237 579 Sed
265 520 630 597 insequentes
657 522 910 591 nostroe,
933 540 1008 579 ne
1033 520 1267 601 longius
1298 520 1802 597 prosequerentur,
1836 520 2003 599 Sylla.

111 603 437 661 revocavit.
523 604 614 662 At
640 603 904 678 plerique
947 602 1303 672 existimant,
1356 600 1393 659 si
1425 602 1610 661 acrius
1642 602 1861 679 insequi
1892 622 2003 662 vo-

116 682 323 750 luisset,
367 684 586 743 bellum
616 703 686 741 eo
717 686 808 741 die
839 682 1079 759 potuiss'e
1109 683 1281 743 finiri
1340 684 1475 776 ‘Cuj
1488 703 1551 741 us
1580 682 1885 743 confilium
1914 702 2003 744 re-

112 765 604 837 prehendendum
629 778 749 823 non
771 767 1025 823 videtur
1041 764 1239 822 *Aliae
1264 764 1423 823 enim
1444 766 1573 823 sunt
1603 763 1779 845 legati
1804 778 2003 840 partes

109 858 296 917 atque
343 846 730 921 imperatori&
817 846 995 903 Alter
1047 843 1331 925 (omma)
1359 864 1536 925 agere
1583 846 1659 903 ad
1706 846 2009 925 praescrip..=

107 938 281 994 tum3
329 927 478 985 alter
527 927 720 985 libere
751 927 828 984 ad
875 926 1171 985 summam
1211 945 1406 985 rerum
1458 924 1753 986 consulere
1799 927 1999 988 debet.

107 1006 280 1081 Sylla
309 1028 344 1065 a
372 1008 590 1067 Caesare
617 1007 812 1065 castris
841 1006 1092 1076 relictus,
1119 1007 1377 1065 liberatis
1406 1005 1539 1075 sule,
1568 1007 1682 1065 hoc
1711 1006 1823 1067 fuit
1855 1027 2009 1068 con-

102 1099 334 1157 tentus,
365 1108 555 1163 neque
583 1090 786 1163 proelio
815 1089 1114 1147 decertare
1138 1087 1357 1182 voluit,
1389 1106 1517 1162 quae
1538 1106 1630 1146 res
1657 1102 1858 1151 tamen
1883 1088 2005 1148 for·
2065 1098 2075 1103 “

109 1168 256 1227 tasse
304 1168 573 1243 aliquem
594 1172 872 1245 reciperet
901 1170 1131 1237 casum;
1188 1187 1261 1229 ne
1298 1156 1769 1245 imperatorias1
1735 1162 1833 1229 sibi
1862 1189 2005 1247 par..

110 1264 204 1307 tes
221 1249 525 1326 sumpsisse
553 1251 870 1309 videretur.
961 1250 1329 1359 Pompeianis
1360 1268 1645 1346 magnam
1674 1270 1763 1311 res
1792 1252 1870 1311 ad
1890 1272 2009 1322 ‚re-

106 1344 360 1405 ceptum
390 1332 791 1391 difficultatem
824 1327 1138 1390 afferebat.
1182 1330 1385 1390 Nam
1395 1351 1462 1390 ex
1501 1331 1706 1407 iniquo
1733 1333 2009 1414 progres-

26 1422 29 1427 ’
104 1410 152 1469 fi
185 1413 366 1471 loco
353 1432 410 1472 ιιι
437 1414 668 1483 summo
695 1412 1092 1473 constiterant.
1179 1411 1241 1470 Si
1292 1424 1398 1490 per
1422 1409 1645 1473 declive
1693 1412 1806 1472 sese
1853 1415 2007 1472 reci-

103 1508 350 1569 perent,
398 1494 620 1552 nostros
651 1514 718 1553 ex
747 1494 1038 1568 superiore
1069 1492 1433 1567 insequentes
1470 1494 1599 1552 loco
1628 1494 2011 1568 verebantur.

105 1572 341 1651 Neque
359 1576 617 1634 multum
646 1577 723 1633 ad
749 1576 880 1635 solis
910 1572 1179 1634 occasum
1208 1574 1490 1649 temporis
1516 1574 1831 1651 supererat.
1882 1576 2004 1653 Spe

104 1657 276 1714 enim
296 1656 642 1717 conficiendi
663 1656 906 1739 negotii,
927 1674 1110 1732 prope
1133 1658 1193 1714 in
1212 1659 1440 1714 noctem
1463 1674 1589 1715 rem
1609 1657 2001 1719 deduxerant.

106 1737 236 1811 Ita,
264 1736 597 1807 necessario,
627 1751 805 1812 atque
836 1756 902 1795 ex
931 1751 1199 1813 tempore
1224 1751 1399 1813 capto
1427 1736 1689 1811 contiuo,
1742 1736 2008 1815 Pom'pei-

100 1833 178 1876 us
209 1820 510 1879 tumulum
563 1819 873 1898 quendam
909 1818 1255 1895 occupavit.
1309 1821 1411 1893 qni
1452 1832 1690 1877 tantum
1738 1820 2011 1891 aberata¹

97 1900 312 1962 nostro
341 1900 594 1971 castello,
641 1915 708 1961 ut
737 1892 919 1960 telum
949 1912 1387 1960 tormentumve
1416 1897 1646 1958 miffum
1675 1898 1850 1980 adjici
1875 1918 2011 1962 ιιοιι

100 1979 322 2058 posset.
411 1983 550 2043 Hoc
561 1982 835 2048 consedit
861 1981 1016 2060 loco,
1065 1995 1244 2058 atque
1290 2000 1425 2056 curn
1472 1981 1836 2053 communit,
1872 1985 2022 2068 om·

97 2064 333 2138 nesque
362 2063 438 2124 ibi
468 2065 664 2141 copias
693 2063 1006 2123 continuit.

191 2143 354 2204 L11.
399 2145 628 2204 Eodem
651 2159 916 2222 tempore
936 2145 1167 2205 duobus
1192 2158 1468 2221 praeterea
1494 2141 1635 2204 locis
1662 2161 1741 2222 pu
1788 2155 2013 2224 natum

101 2227 214 2288 est·
309 2227 464 2288 Nam
515 2228 687 2304 plura
732 2224 960 2285 castella
1004 2227 1325 2320 Pompeius
1381 2226 1621 2300 pariter,
1668 2225 1727 2284 di
1778 2216 2009 2286 inendae

102 2324 338 2368 manus
367 2309 536 2368 causa
565 2321 928 2374 tentaverat,
958 2326 1032 2366 ne
1061 2326 1130 2367 ex
1144 2307 1453 2386 proximis
1467 2305 1739 2382 praefidiis
1764 2305 2008 2367 succur-

99 2391 157 2448 ri
191 2387 402 2465 poffet.
485 2391 626 2450 Uno
669 2390 802 2450 loeo
831 2388 1139 2466 Volcatius
1166 2387 1379 2447 Tullus
1425 2386 1719 2465 impetum
1752 2389 1867 2448 le
1872 2407 1909 2448 o
1954 2387 2019 2456 i<
2081 2426 2091 2432 -

99 2469 385 2533 sustinuit
413 2469 752 2533 cohortibus
781 2489 877 2538 m,
928 2483 1108 2550 atque
1136 2487 1269 2530 eam
1298 2470 1429 2528 loco
1456 2467 1701 2546 depulit,
1852 2468 1930 2530 lte
1963 2487 2005 2530 ο

97 2550 418 2614 Germani
446 2549 794 2612 munitiones
821 2539 1046 2612 nostros
1066 2549 1289 2632 egreffi,
1314 2549 1715 2627 compluribus
1737 2546 2012 2614 inter-fec·
2048 2591 2057 2607 ι

102 2633 212 2699 tis,
261 2632 376 2692 sese
407 2634 480 2690 ad
509 2631 638 2692 suos
667 2633 989 2692 incolumes
1015 2641 1381 2709 receperunt·

198 2713 530 2774 L111.1ta
550 2733 671 2772 uno
693 2713 784 2778 die
809 2735 868 2772 vr
893 2713 1107 2790 proeliis
1130 2713 1315 2790 Γειὲὶίε,
1333 2731 1414 2770 ιιι
1432 2712 1511 2772 ad
1530 2709 2017 2790 Dyrrhachium,

99 2815 186 2852 ιιι
223 2794 305 2854 ad
339 2795 708 2870 munitiones,
737 2814 924 2872 quum
954 2796 1169 2853 horum
1199 2795 1485 2854 omnium
1497 2797 1647 2852 ratio
1666 2793 2013 2865 haberetur,

92 2876 187 2935 ad
219 2875 483 2934 duorum
514 2875 767 2935 millium
795 2895 1045 2948 numero
1073 2895 1141 2933 ex
1170 2873 1543 2950 Pompeianis
1563 2873 1821 2934 cecidiffe
1844 2893 2013 2958 repe-

96 2957 438 3024 riebamuS‚
469 2970 742 3016 evocatos
765 2957 1253 3030 centurionesque
1281 2955 1629 3030 complures.
1692 2955 1765 3016 In
1794 2975 1865 3016 eo
1891 2949 2020 3022 fuit

90 3055 371 3098 numero
398 3037 668 3097 Valerius
701 3038 944 3097 Flaccus
992 3037 1072 3096 L.
1105 3035 1279 3104 filius,
1330 3037 1454 3112 ejus
1500 3035 1604 3112 qui
1653 3051 1889 3114 praetor
1904 3037 2011 3098 A·

95 3119 281 3177 fiam
297 3118 663 3178 obtinuerat.
695 3118 975 3201 signaque
1003 3117 1134 3178 sunt
1165 3118 1256 3177 sex
1275 3116 1552 3176 militaria
1573 3118 1777 3180 relata.
1860 3120 2017 3180 Nos..

97 3201 194 3260 tri
227 3217 354 3256 non
382 3198 656 3276 amplius
663 3219 734 3258 xx
762 3199 1035 3260 omnibus
1062 3198 1195 3258 sunt
1222 3198 1435 3276 proellis
1470 3198 1801 3259 desiderati.
1886 3198 2019 3262 sed*

96 3284 172 3340 in
185 3271 448 3338 castello
475 3299 651 3340 nemo
678 3279 794 3340 fuit
822 3282 1064 3340 omnino
1087 3279 1367 3348 militum,
1398 3281 1539 3354 quin
1560 3281 2017 3352 vulnerareturg

95 3367 504 3436 quatuorque
533 3381 602 3419 ex
630 3381 748 3421 una
777 3363 1020 3420 cohorte
1048 3361 1420 3421 centuriones
1446 3362 1648 3422 oculos
1668 3323 2017 3424 ami'tserunt

95 3445 200 3504 Et
236 3459 430 3514 quum
461 3441 672 3501 laboris
698 3441 782 3502 sui
813 3441 1171 3519 periculique
1219 3441 1615 3504 testimonium
1640 3441 1857 3508 afferre
1880 3443 2012 3504 v'el-

90 3526 267 3595 lent,
313 3523 506 3584 millia
530 3523 880 3607 sagittarum
913 3525 1139 3666 eirsster
1168 3541 1292 3584 xxx
1321 3522 1385 3586 in
1424 3523 1722 3616 castellum
1748 3525 2013 3670 cogjelfta

1089 3621 1124 3666 ι
1856 3623 1901 3666 ae
1926 3621 2013 3667 arr

1910 3836 1941 3846 ,Α
