2250 3900
259 102 374 168 268
607 97 749 161 DE
815 91 1187 158 BELLO
1250 45 1763 160 GALLtco
1876 49 1883 57 ¹

1185 202 1200 236 ,
1568 217 1573 222 ,

241 239 620 328 decurrentes
647 259 764 322 line
807 259 1066 338 periculo
1106 241 1546 338 praeliabantur,
1586 250 1916 338 multosque
1944 261 2140 340 pe'rti-

136 374 145 383 ·
241 347 468 410 naciter
493 343 863 406 succedentes
892 341 1283 402 vulnerabant
1302 364 1321 416 ς
1342 355 1429 408 ,ut
1455 355 1657 402 tamen
1685 363 1808 404 non
1835 346 2145 404 deterrer-

229 443 418 502 entur
444 426 659 488 milites
689 421 868 484 nostri
893 423 1096 483 vineas
1138 421 1422 500 proferre,
1464 437 1522 484 et
1550 425 1749 485 labore
1776 439 1957 501 atque
1982 445 2141 502 ope·

237 513 400 573 ribus
427 510 699 568 locorum
721 505 955 565 vincere
981 503 1375 565 difficultates.
1446 505 1675 566 Eodem
1706 519 1975 585 tempore
2002 519 2143 568 tee-

235 606 332 653 tos
383 589 710 659 cuniculos,
749 603 941 646 crates
987 599 1047 646 et
1091 586 1293 649 vineas
1338 600 1527 670 agunt
1574 590 1654 647 ad
1700 595 1882 664 caput
1919 587 2144 648 fontis.

235 672 423 756 Qod
469 687 658 754 genus
703 667 896 748 operis
943 667 1060 728 fine
1109 668 1233 727 ullo
1275 669 1536 746 periculo
1576 682 1636 730 et
1665 669 1781 728 fine
1805 669 2145 745 suspicione

235 755 492 816 hostium
515 751 716 824 facere
742 751 976 810 licebat.
1060 747 1400 810 Exstruitur
1446 757 1633 832 ag‘ger
1660 750 1719 825 in
1749 751 2141 812 altitudinem

235 837 458 915 pedum
490 855 584 894 nx.
667 832 1010 892 Collocatur
1037 830 1096 890 in
1124 851 1197 890 eo
1221 831 1400 891 turris
1439 851 1475 890 x
1517 832 1958 902 tabulatorum3
2002 835 2139 894 hon

233 918 480 996 quidem
508 933 637 992 quae
661 913 954 992 moenibus
980 926 1329 990 aequaretur,
1348 911 1438 986 (id
1464 912 1624 973 enim
1652 913 1825 972 nullis
1852 915 2145 991 operibus

237 997 388 1062 effici
415 994 684 1078 poterat)
716 995 813 1055 sed
840 1013 969 1069 quae
993 995 1289 1072 superaret
1314 991 1495 1054 fontis
1532 993 1850 1076 fastigium.
1934 993 2035 1054 Ex
2064 1015 2143 1056 ea

237 1094 428 1163 quum
454 1079 574 1139 tela
599 1077 908 1138 tormentis
925 1078 1267 1156 jacerentur
1292 1075 1370 1134 ad
1398 1057 1599 1135 ffiiltis'
1620 1076 1815 1136 aditus
1837 1098 1856 1146 ς
1902 1095 2019 1136 nec
2052 1077 2139 1136 fi·

237 1183 314 1229 ne
341 1161 604 1240 periculo
629 1157 854 1237 poss'ent
879 1157 1163 1234 adaquari
1193 1156 1472 1234 oppidani
1494 1178 1512 1227 ς
1554 1171 1679 1216 non
1699 1169 1935 1216 tantum
1961 1177 2145 1234 peco-

238 1269 310 1310 ra
333 1257 513 1320 atque
531 1244 828 1322 jumenta,
865 1239 961 1302 sed
997 1239 1181 1299 ctiam
1208 1256 1433 1321 magna
1457 1237 1771 1299 hominum
1800 1239 2142 1322 multitudp

239 1326 330 1394 fiti
355 1323 829 1397 consumebatur.
1240 1337 1244 1342 ’

321 1405 531 1471 xLu.
573 1404 720 1489 Qo
745 1397 908 1462 malo
933 1398 1224 1481 perterriti
1264 1400 1546 1480 oppidani
1572 1419 1755 1480 cupas
1778 1399 1936 1472 sevo,
1980 1402 2141 1481 pice,

239 1490 530 1559 scandulis
575 1486 898 1562 complent.
927 1485 936 1491 ’
982 1483 1102 1554 Eas
1140 1483 1411 1560 amentes
1452 1484 1515 1543 in
1541 1502 1719 1562 opera
1746 1483 2132 1560 provplvunt.

239 1578 479 1646 Eodem
505 1581 775 1644 tempore
801 1565 1084 1626 acerrime
1110 1565 1475 1643 proeliantur,
1512 1578 1580 1624 ut
1606 1567 1681 1625 ab
1708 1565 1988 1625 incendio
2017 1563 2134 1626 res·
2204 1561 2206 1614 ἶ

241 1652 578 1740 tinguendo
623 1647 1004 1709 dimicatione
1043 1661 1103 1709 et
1149 1647 1409 1724 periculo
1437 1647 1770 1707 deterreant
1803 1645 2135 1708 Romanos.

239 1737 474 1821 Magna
497 1741 737 1808 repente
764 1729 825 1787 in
866 1727 999 1805 ipsis
1045 1725 1319 1806 operibus
1358 1726 1595 1789 flamma
1642 1726 1868 1788 exsistit.
1951 1729 2138 1814 Qae.

245 1835 483 1896 cunque
510 1814 670 1873 enirn
701 1828 804 1886 per
830 1805 1028 1870 locum
1058 1808 1413 1887 pr'aecipitem
1442 1808 1603 1868 miffa
1630 1821 1819 1879 erant,
1848 1827 1921 1868 ea
1944 1811 2134 1870 vineis

245 1917 306 1967 et
334 1916 553 1985 aggere
573 1887 864 1968 suppressa
890 1883 1470 1968 comprehendebant
1495 1889 1559 1952 id
1583 1890 1788 1969 ipsum,
1810 1886 1977 1967 quod
2008 1911 2135 1953 mo·

247 1986 511 2048 rabatur.
593 1973 822 2037 Milites
849 1984 1056 2034 contra
1081 1972 1280 2042 nostri,
1304 1986 1651 2049 'quanquam
1680 1972 2008 2050 periculoso
2036 1994 2138 2057 ge·

245 2086 388 2130 nere
415 2056 601 2141 proelii
630 2049 879 2133 locoqu'e
927 2054 1153 2133 iniquio
1197 2057 1635 2132 premebantur,
1677 2068 1881 2114 tamen
1929 2056 2135 2115 omnia

247 2144 603 2231 paratiffimo
631 2137 982 2200 sustinebant
1009 2137 1229 2195 animo.
1276 2136 1394 2195 Res
1416 2136 1573 2195 enlm
1595 2135 1911 2217 gerebatur
1937 2149 1998 2196 et
2028 2157 2135 2197 ex·

247 2232 400 2293 celso
423 2229 558 2288 loco
599 2236 658 2283 et
708 2222 768 2280 in
809 2216 1112 2296 conspectu
1162 2216 1446 2296 exercitus
1494 2216 1669 2277 nostri
1692 2235 1711 2274 t
1761 2217 2133 2298 magnusque

247 2315 551 2385 utrimque
578 2304 805 2383 clamor
843 2301 1145 2361 oriebatur
1166 2318 1191 2365 a
1235 2298 1321 2357 ita
1363 2316 1546 2373 quam
1591 2296 1837 2373 quisque
1878 2312 2135 2375 poterat,
2202 2330 2204 2335 ·

249 2394 502 2455 maxime
527 2386 791 2468 insignis,
830 2398 954 2469 fluo
981 2379 1179 2459 notior
1202 2378 1580 2455 testatiorque
1607 2378 1794 2439 virtus
1821 2380 1950 2459 ejus
1978 2380 2133 2451 emt,

247 2474 382 2535 telis
407 2466 659 2529 hostium
688 2460 1141 2537 flammaeque-fe
1167 2460 1470 2521 offerebat.
1823 2494 1856 2518 χ

329 2549 579 2615 XLIII.
620 2547 828 2622 Caesar‚
873 2562 1065 2621 quum
1109 2544 1443 2625 complures
1482 2540 1612 2603 suos
1640 2541 1943 2601 vulnerari
1966 2540 2127 2603 vide-

249 2650 362 2706 ret,
384 2654 454 2699 ex
477 2630 749 2691 omnibus
777 2626 980 2703 oppidi
1008 2624 1271 2717 pastibus
1299 2624 1570 2683 cohortes
1598 2636 1869 2684 montem
1892 2624 2133 2684 adscen-

247 2720 409 2784 dere,
458 2727 536 2789 ct,
567 2710 931 2771 simulatione
955 2706 1241 2765 moenium
1268 2706 1773 2782 occupandorum,
1812 2702 2133 2767 clamorem

245 2796 693 2874 undiquejubet
710 2790 934 2851 tollere.
968 2789 1113 2927 le
1135 2785 1293 2845 facto
1308 2786 1600 2863 perterriti
1620 2785 1924 2867 oppidani,
1946 2804 2133 2863 quum

162 2910 166 2913 ·
247 2883 396 2959 quid
425 2890 700 2963 ageretur
726 2874 786 2931 in
813 2869 956 2929 locis
981 2888 1044 2929 re
1069 2868 1242 2946 iquis,
1280 2866 1457 2927 essent
1497 2868 1709 2951 ignari,
1749 2882 2038 2928 revocant
2064 2870 2134 2927 ab

250 2958 671 3043 impugnandis
698 2950 964 3033 operibus
992 2964 1274 3025 armatos,
1313 2947 1609 3027 murisque
1634 2948 1977 3025 disponunt.
2044 2949 2133 3009 Ita
2200 2944 2202 2973 ³

249 3044 452 3117 nostri,
505 3039 622 3099 fine
669 3033 873 3115 proelio
921 3032 1094 3107 facto,
1152 3029 1416 3091 celeriter
1460 3048 1639 3108 opera
1680 3029 1928 3090 flamma
1978 3048 2132 3091 com-

248 3118 534 3207 prehensa
555 3119 771 3196 partim
791 3114 1180 3197 restinguunt,
1202 3112 1419 3189 partim
1440 3110 1883 3172 interscindunt.
1922 3111 2129 3253 Qum

251 3197 628 3289 pertinaciter
655 3197 973 3258 resisterent
999 3194 1303 3274 oppidani,
1330 3208 1387 3254 et
1406 3196 1535 3276 jam
1556 3211 1777 3276 magna
1805 3207 1978 3270 parte
2030 3214 2128 3253 uo-

247 3308 389 3353 rum
418 3284 506 3345 fiti
533 3278 751 3349 amissa,
780 3280 844 3338 in
867 3278 1151 3338 sententia
1176 3288 1621 3353 permanerent:
1664 3275 1742 3335 ad
1768 3274 2127 3352 postremum

250 3367 537 3430 cuniculis
563 3382 724 3424 venae
749 3360 929 3421 fontis
968 3357 1245 3418 intercisae
1286 3357 1420 3439 sunt
1466 3371 1645 3433 atque
1673 3356 1901 3433 aversa.
1990 3354 2127 3441 Qu

247 3449 404 3511 facto
432 3458 670 3523 repente
691 3441 830 3502 fons
853 3439 1130 3517 perennis
1143 3439 1472 3509 exhaustus,
1494 3452 1726 3499 tantam
1743 3428 1956 3499 attulit‘
1968 3438 2129 3517 oppi-

251 3528 419 3591 danis
445 3526 643 3615 salutis
669 3520 1154 3603 desperationem,
1200 3533 1271 3583 ut
1298 3521 1360 3583 id
1386 3538 1511 3585 non
1534 3520 1850 3587 hominum
1876 3522 2127 3663 εοηίὶὲἰοᾶ

265 3624 271 3629 .
605 3630 621 3637 ,
2064 3621 2091 3660 e
2198 3646 2200 3673 ἓ
