2250 3900
541 77 1415 173 ‘LIBER'L
1854 106 1975 174 179

75 272 262 333 taque
293 256 370 319 ad
397 276 532 319 eum
563 259 844 319 mandata
871 279 976 337 per
1003 278 1100 319 eos
1130 256 1443 318 remittunt
1466 278 1485 315 ε
1540 272 1797 332 quorum
1842 254 1973 319 hae'c

77 353 202 397 etat
255 340 528 401 summa:
573 341 764 403 Caesar
807 344 867 400 in
915 341 1181 401 Galliam
1232 350 1643 413 reverteretur,
1695 339 1973 397 Arimvno

78 424 408 496 excederet,
457 426 739 482 exercitus
789 423 1135 482 dimitteret.
1214 422 1367 501 Quae
1418 420 1457 478 si
1508 416 1742 485 fecisset,
1792 419 1977 477 Pom·

79 502 288 577 peium
317 507 376 561 in
411 503 722 581 Hispanias
773 505 1007 565 iturum.
1100 504 1353 567 Interea,
1396 503 1593 577 quoad
1648 500 1788 559 fides
1838 498 1975 559 effet

79 584 242 658 data,
287 585 572 647 cesarem
600 584 914 653 facturum,
943 606 1074 661 quae
1102 587 1494 660 polliceretur,
1536 600 1657 641 non
1685 579 1975 644 intermis-

77 662 242 723 suros
274 669 532 727 consules
565 668 1030 743 Pompeiumque
1060 667 1311 725 delectus
1394 673 1403 681 '
1829 676 1845 694 ²

159 750 290 808 XI.
333 749 478 809 Erat
507 750 706 826 iniqua
735 749 1019 822 conditio,
1048 751 1355 823 postulare,
1379 759 1444 803 ut
1474 746 1663 805 Caesar
1694 741 1977 802 Arimino

80 833 410 905 excederet,
461 846 635 906 atque
683 832 745 889 in
792 834 1159 908 provinciam
1208 840 1630 895 reverteretur3
1682 824 1866 901 ipsum
1916 837 1979 885 et

77 913 416 988 provincias
443 927 501 971 et
528 913 788 991 legiones
817 914 1035 971 alienas
1083 925 1323 991 tenere-2
1370 910 1687 968 exercitum
1738 906 1981 967 Caesaris

79 994 232 1052 velle
265 994 504 1059 dimitti,
535 995 786 1053 delectus
815 994 1030 1052 habere
1058 1012 1074 1051 ε
1119 991 1398 1068 polliceri,
1440 990 1493 1048 se
1525 991 1583 1047 in
1614 990 1991 1065 provinciam

78 1076 360 1140 iturumz
399 1092 612 1158 neque,
653 1090 787 1134 ante
819 1093 1000 1150 quem
1029 1076 1187 1133 diem
1218 1075 1407 1131 iturus
1439 1074 1525 1137 fit.
1570 1071 1845 1129 definiret
1887 1082 1981 1143 ut,

79 1157 120 1213 fi
151 1160 394 1232 peracto
427 1159 660 1217 (asaris
690 1159 992 1217 conlulatu
1025 1154 1343 1229 Pompeius
1372 1154 1663 1233 proleclus
1684 1170 1803 1211 non
1826 1148 1982 1228 esset,

83 1240 252 1299 nulla
273 1250 474 1297 tamen
497 1238 786 1297 mendacii
809 1239 1088 1318 religione
1119 1237 1418 1295 obstriclus
1442 1236 1759 1292 videretur.
1806 1232 1985 1294 Tem-

83 1338 194 1397 pus
227 1338 374 1378 vero
400 1318 696 1394 colloquio
725 1338 846 1377 non
872 1322 1033 1385 dare,
1076 1336 1267 1392 neque
1308 1314 1663 1376 access‘urum
1692 1313 1981 1391 polliceri,

84 1418 378 1483 magnam
409 1401 566 1476 pacis
595 1401 1058 1476 desperationem
1090 1398 1390 1460 afferebat.
1480 1400 1687 1472 ltaque
1730 1400 1804 1455 ab
1835 1395 1981 1454 Ari·

84 1486 259 1542 mino
289 1480 377 1541 Μ.
413 1483 746 1543 Antonium
777 1500 912 1540 cum
941 1482 1281 1539 cohortibus
1315 1500 1351 1537 v
1398 1481 1710 1538 Arretium
1752 1478 1937 1537 mittit
1959 1494 1983 1537 s

85 1564 202 1639 ipse
239 1564 502 1623 Arimini
533 1582 670 1623 cum
703 1584 750 1619 n
782 1563 1108 1643 legionibus
1140 1562 1399 1628 sublistut,
1442 1561 1641 1637 ibique
1695 1562 1985 1619 delee‘lum

83 1646 310 1705 habere
351 1644 615 1704 instituit.
707 1644 1036 1721 Pisaurum,
1085 1642 1328 1711 Fanum,
1382 1648 1701 1701 Anconam
1744 1641 1985 1725 singulis
2086 1634 2094 1649 ’

81 1727 431 1785 cohortibus
457 1741 730 1801 occupat.
829 1768 835 1776 -

168 1808 324 1868 xil,
383 1811 609 1867 lutei-ea
631 1805 1076 1874 certior-factus,
1106 1808 1379 1889 Iguvium
1410 1806 1743 1867 Thermum
1775 1818 1989 1881 praeto.

85 1906 216 1948 rem
250 1890 592 1949 cohortibus
622 1910 658 1947 v
709 1903 926 1966 tenere,
975 1890 1265 1966 oppidum
1294 1890 1547 1967 munire,
1597 1891 1989 1964 omniumque

89 1971 198 2031 effe
244 1974 628 2052 iguvinorum
660 1971 948 2048 optimam
979 1991 1122 2048 erga
1150 1971 1203 2030 se
1223 1973 1624 2030 voluntatemz
1670 1971 1990 2030 Curionem

94 2071 240 2111 cum
294 2073 370 2112 ιιι
423 2053 784 2121 cohortibus,
833 2071 980 2128 quas
1029 2053 1250 2113 Pisauri
1294 2067 1352 2110 et
1401 2045 1666 2112 Arimin‘i
1712 2052 1988 2119 habebat,
2078 2116 2096 2134 s

93 2135 288 2194 mittit
392 2135 576 2213 Cujus
606 2135 863 2194 adventu
893 2137 1158 2214 cognito,
1208 2134 1420 2192 diffisus
1452 2133 1747 2207 municipii
1778 2132 1991 2189 volun-

91 2218 205 2276 tati
239 2216 538 2276 Thermus
567 2218 836 2276 cohortes
866 2237 931 2274 ex
962 2217 1106 2274 urbe
1136 2216 1333 2274 educit
1376 2228 1433 2272 et
1483 2211 1788 2294 profugit:
1835 2211 1993 2270 mili·

93 2311 182 2358 tes
217 2299 281 2358 in
329 2299 546 2364 itinere
585 2301 660 2357 ab
708 2319 778 2357 eo
822 2297 1147 2369 discedunt,
1194 2315 1263 2354 ac
1314 2297 1562 2354 domum
1593 2307 1995 2354 revertuntur·

93 2381 306 2448 Curio,
337 2386 606 2440 omnium
634 2380 864 2439 summa
893 2379 1219 2446 voluntate,
1255 2378 1533 2456 Iguvium
1562 2377 1783 2451 recipit.
1836 2373 1996 2455 Qi-

97 2464 208 2520 bus
265 2463 436 2521 rebus
483 2463 756 2542 cognitis,
799 2459 1046 2520 confisus
1091 2460 1549 2535 municipiorum
1594 2459 1995 2517 voluntatibus

96 2542 320 2608 Caesar.
361 2541 630 2602 cohortes
659 2543 905 2624 legionis
937 2561 1053 2599 xm
1083 2561 1150 2598 ex
1182 2540 1453 2616 praelidiis
1494 2540 1753 2606 deducit,
1796 2538 1994 2598 Auxi-

97 2642 396 2700 mumque
427 2623 852 2700 proficiscitu'r:
894 2624 1058 2698 quod
1095 2622 1383 2698 oppidum
1414 2621 1623 2679 Attius
1652 2620 1997 2678 cohortibus

95 2705 450 2764 introductis
478 2707 730 2771 tenebat.
764 2705 1168 2780 delectumque
1197 2716 1325 2762 toto
1355 2697 1589 2770 Piceuo',
1629 2700 1995 2762 circummis-

93 2785 164 2845 fis
197 2788 582 2863 (enatoribuS‚
623 2787 896 2846 habebat.
1690 2816 1699 2821 ·

183 2869 378 2929 Xul.
424 2873 696 2928 Adventu
749 2865 987 2928 Caelaris
1035 2867 1299 2948 cognito,
1356 2863 1699 2924 decuriones
1746 2861 1999 2922 Auximi

99 2951 181 3009 ad
219 2951 464 3008 Attium
493 2949 721 3009 Varum
750 2945 1086 3023 frequentes
1117 2947 1513 3006 conveniunt:
1560 2946 1773 3006 docent
1803 2947 1885 3004 sut
1908 2945 2037 3024 jun.

102 3032 250 3090 dicii
278 3049 406 3090 rem
435 3049 556 3090 non
607 3029 749 3088 tffez
804 3049 993 3106 neque
1037 3029 1293 3118 reliquo?
1322 3028 1647 3106 municipes
1674 3027 1797 3106 pati
1826 3026 2003 3104 poss'e,

103 3111 180 3172 C.
215 3111 504 3172 Caesarem
549 3113 970 3188 imperatorem
1019 3114 1165 3169 bene
1216 3113 1288 3168 de
1346 3109 2001 3186 Republica-meritum,

105 3195 296 3252 tantis
327 3201 498 3254 rebus
527 3195 718 3276 gestis,
755 3195 976 3269 oppido
1003 3191 1401 3266 moenibusque
1430 3191 1758 3266 prohiberi:
1802 3187 2003 3267 proin.

107 3276 184 3334 de
217 3276 434 3334 habeat
462 3279 750 3337 rationem
777 3275 1129 3352 posteritatis
1158 3288 1215 3331 et
1252 3271 1491 3349 periculi
1520 3273 1637 3332 'sui.
1720 3273 2003 3354 Qorum

106 3361 383 3416 oratione
411 3373 713 3434 permotus
744 3357 950 3416 Attius
979 3356 1195 3430 Varus,
1236 3353 1586 3431 praesidium,
1626 3355 1786 3427 quud
1815 3351 2003 3410 intro.

111 3440 384 3514 duxerat,
426 3460 491 3500 cx
522 3439 744 3516 oppido
770 3440 986 3504 educit,
1029 3451 1090 3496 et
1132 3438 1419 3518 profugit.
1506 3435 1685 3494 Hunc
1710 3455 1781 3494 ex
1808 3451 2006 3512 primo

109 3521 324 3583 ordine
351 3525 528 3602 pauci
555 3521 795 3588 caesaris
821 3517 1113 3588 consecuti
1141 3519 1380 3593 milites,
1408 3514 1708 3582 consistere
1737 3529 2001 3594 coguntz

1582 3595 2003 3673 commissoque
